1955 3298
907 264 963 306 45

215 377 325 419 data
385 378 488 418 sunt
534 379 719 430 natura,
780 381 965 434 appetat
1011 384 1363 437 asperneturque
1409 385 1648 427 contraria.

215 446 271 488 In
300 446 368 488 his
400 446 555 502 primis
594 446 876 489 naturalibus
909 448 1116 504 voluptas
1149 450 1255 492 insit
1300 466 1445 504 necne,
1493 468 1651 510 magna

215 515 419 571 quaestio
452 518 522 558 est
535 514 599 570 42).
661 516 846 572 Epicuri
892 517 1066 572 quidem
1110 519 1285 562 ratione
1320 520 1365 561 in
1396 521 1463 564 his
1495 523 1649 579 primis

215 584 497 627 naturalibus
541 584 763 641 voluptas,
810 585 1006 628 fortasse
1039 587 1172 629 etiam
1204 588 1311 641 sola,
1358 590 1486 633 inest.
1556 592 1647 635 Cfr.

214 653 347 709 Diog.
379 653 427 695 L.
460 653 504 694 X
528 654 633 695 1⁶29:
666 656 811 710 ταὺτην
844 655 930 711 (τὴν
961 655 1124 712 ἡδονήν)
1155 660 1230 712 γὰρ
1263 658 1478 711 ἀγαθὸν
1510 670 1650 716 πρῶ-

216 739 303 765 τον
349 726 419 765 καὶ
465 728 693 777 συγγενικόν
740 724 913 779 ἔγνωμεν
957 728 1027 766 καὶ
1058 726 1136 767 ἀπὸ
1168 730 1318 784 ταὺτης
1349 734 1648 787 καταρχόμεθα

215 797 350 850 πάσης
390 791 584 848 αἱρέσεως
623 796 693 834 καὶ
722 801 851 850 φυγῆς
891 797 960 835 καὶ
1000 793 1062 835 ἐπὶ
1105 798 1248 852 ταὺτην
1291 807 1548 855 καταντῶμεν
1591 799 1646 848 ὡς

214 866 354 904 ’κανόνι
385 870 440 917 τῷ
473 865 599 904 πάθει
631 870 708 904 πᾶν
740 862 899 915 ἀγαθὸν
938 867 1150 918 κρίνοντες.
1197 868 1266 906 καὶ
1311 865 1397 907 ἐπεὶ
1443 877 1649 922 πρῶτον

216 931 437 985 ἀγαθὸν
471 938 586 973 τοῦτο
619 935 689 973 καὶ
720 934 919 989 σῦμφυτον
943 935 1030 974 κτλ.
1078 934 1229 989 Atque
1261 938 1309 975 τὰ
1341 939 1408 991 τὴν
1441 945 1515 978 τῶν
1544 942 1648 992 πρώ-

214 1013 290 1043 των
323 1001 493 1054 ἀγαθῶν
527 1000 725 1057 ἐπέχοντα
756 1005 907 1057 χώραν,
950 1001 1065 1057 quod
1097 1002 1231 1044 latius
1263 1004 1394 1059 paulo
1427 1020 1477 1047 ac
1507 1006 1648 1048 fusius

217 1070 395 1122 dicitur,
429 1070 580 1113 eadem
612 1071 708 1112 fere
742 1070 919 1125 sunt‘ffi),
954 1086 1065 1127 quae
1099 1071 1146 1113 τά.
1167 1081 1303 1127 πρῶτα
1336 1073 1490 1127 ἀγαθά,
1527 1090 1646 1128 „sen-

216 1155 290 1182 sus
324 1139 491 1195 singuli
521 1140 847 1195 ‘voluptatum‘st
890 1140 943 1181 In
974 1140 1055 1182 hoc
1086 1144 1232 1183 autem
1264 1143 1648 1187 attendendumst:

214 1224 327 1266 quae
359 1210 412 1251 ab
451 1209 552 1251 aliis
599 1209 871 1265 philosophis
920 1210 1070 1252 vocari
1116 1211 1288 1253 soleant
1332 1212 1475 1267 prima
1519 1216 1649 1255 natu-

213 1279 342 1332 ralia,
376 1293 427 1321 ea
460 1279 513 1321 ab
532 1279 765 1335 Epicureis
796 1278 940 1334 prima
962 1282 1006 1321 et
1030 1279 1124 1321 3013
1156 1281 1269 1322 bona
1293 1281 1534 1324 aestimari.
1586 1284 1651 1326 At

217 1348 337 1391 ratio
370 1352 471 1390 erat
503 1348 867 1390 Academicorum
899 1349 1182 1404 antiquorum
1217 1352 1350 1405 atque
1382 1351 1651 1406 Peripateti-

212 1430 377 1470 corum,
425 1432 511 1474 qua
559 1420 604 1459 et
651 1417 804 1460 Cicero
850 1417 964 1459 libro
1010 1417 1052 1459 V
1098 1418 1222 1473 operi
1268 1434 1344 1461 suo
1392 1419 1444 1462 de
1490 1420 1647 1463 finibus

213 1487 382 1543 scripto
415 1487 542 1543 quasi
573 1501 779 1529 coronam
811 1487 986 1539 tribuit,
1020 1501 1082 1537 ea,
1115 1489 1167 1529 ut
1193 1490 1436 1530 extremum
1459 1490 1647 1531 omnium

212 1557 564 1613 appetendorum
597 1556 777 1598 ductum
808 1557 862 1598 ab
894 1556 1034 1598 initiis
1067 1560 1256 1598 naturae
1296 1557 1509 1600 humanae
1541 1559 1648 1600 mul-

212 1627 273 1668 tis
306 1626 519 1681 gradibus
553 1625 789 1667 ascendere
823 1625 1035 1668 dicerent.
1084 1632 1133 1667 ut
1165 1626 1221 1667 ad
1253 1642 1461 1668 summum
1495 1642 1647 1683 perve-

213 1695 356 1747 niret,
411 1694 527 1751 quod
573 1694 877 1736 cumularetur
931 1709 984 1736 ex
1042 1694 1309 1749 integritate
1355 1697 1554 1751 corporis
1603 1700 1647 1739 et

213 1764 372 1807 mentis
406 1764 582 1806 ratione
614 1762 911 1819 perfeetassa),
958 1777 1012 1804 ne
1059 1764 1255 1805 externis
1303 1764 1475 1819 quidem
1522 1766 1645 1807 bonis

212 1847 399 1889 prorsus
443 1833 628 1875 omissis.
692 1832 782 1890 Sed,
810 1833 864 1874 ab
896 1832 977 1874 hac-
1008 1832 1181 1874 ratione
1213 1833 1478 1875 recedebant
1510 1834 1649 1876 Stoici

213 1908 260 1945 et
291 1902 522 1958 Epicurei:
570 1901 721 1953 Stoici.
768 1917 863 1943 cum
904 1901 1012 1943 fines
1044 1905 1219 1943 tantum
1251 1902 1646 1957 amplectebantur,

213 1971 436 2028 Epicurei,
485 1986 579 2013 oum
625 1971 670 2012 in
711 1970 938 2026 principiis
972 1973 1163 2012 naturae
1195 1971 1509 2013 consistebant.
1572 1971 1647 2013 Illi

213 2041 329 2084 enim
359 2042 584 2097 ponebant
616 2040 790 2095 quidem
823 2039 967 2095 prima
996 2039 1223 2081 naturalia
1254 2065 1309 2068 —
1341 2055 1463 2081 omne
1486 2040 1647 2083 animal

214 2125 262 2153 se
294 2110 483 2166 diligere
516 2113 561 2152 et
593 2109 974 2151 conservationem
1007 2109 1074 2150 sui
1107 2109 1221 2150 velle
1253 2134 1318 2161 -,
1353 2112 1401 2150 at
1433 2124 1511 2151 neo
1535 2111 1647 2151 bona

213 2179 427 2222 volebant
459 2194 510 2221 ea
542 2194 637 2221 esse
671 2182 717 2221 et·
747 2178 907 2219 finibus
953 2177 1257 2220 excludebant.
1319 2178 1432 2219 Nam
1474 2178 1648 2220 minime

214 2249 422 2292 dicebant
453 2249 613 2290 mirum
645 2263 741 2290 esse
771 2248 913 2304 primo
954 2263 1032 2289 nos
1072 2246 1315 2302 sapientiae
1356 2247 1650 2289 commendari

213 2320 269 2361 ab
309 2318 451 2360 initiis
495 2320 698 2368 naturae,
733 2320 847 2373 ‘post
880 2323 1027 2358 autem
1058 2316 1197 2372 ipsam
1230 2315 1490 2371 sapientiam
1522 2316 1646 2358 nobis

213 2388 431 2430 cariorem
462 2386 572 2440 fieri,
606 2401 736 2442 quam
767 2386 846 2427 illa
879 2386 980 2438 sint,
1015 2400 1039 2427 a
1071 2385 1226 2441 quibus
1259 2384 1314 2425 ad
1343 2384 1451 2426 hanc
1474 2384 1647 2427 veneri-

214 2472 310 2499 mus
326 2457 390 2511 44).
483 2456 652 2498 Contra
705 2455 858 2497 Cicero
912 2454 1073 2496 Catoni
1124 2453 1272 2496 Stoico
1324 2453 1648 2509 respondet4⁵):

333 2578 394 2620 42)
421 2575 487 2610 cfr.
516 2576 586 2609 (fic.
614 2575 646 2609 d.
673 2574 755 2608 finn.
784 2575 1052 2617 1111,33—34.

333 2636 395 2678 43)
423 2634 487 2668 cfr.
516 2633 655 2668 Philod.
682 2647 714 2667 ττ.
744 2634 814 2679 ῥητ.
843 2633 1008 2674 163,12:
1037 2634 1115 2673 2:39,
1133 2634 1195 2665 25:
1220 2631 1425 2674 11119,4j5.

333 2695 423 2737 432)
452 2692 516 2727 cfr.
540 2704 573 2727 v.
602 2704 629 2726 c.
659 2693 729 2726 Cic.
758 2691 789 2725 d.
817 2691 898 2725 finn.
927 2692 1098 2733 V14‚4‹).

337 2754 397 2796 44)
425 2752 489 2786 cfr.
518 2752 588 2786 Cic.
617 2751 649 2785 d.
676 2753 758 2784 finn.
786 2751 951 2793 1117,23.
1003 2750 1104 2792 Diog.
1132 2749 1172 2782 L.
1201 2749 1266 2781 VII
1280 2751 1334 2782 57.

333 2812 394 2855 45)
422 2811 491 2844 (fic.
520 2810 604 2844 ibid.
633 2811 916 2852 1V14,37-3s.
