1955 3298
1023 246 1078 287 52

330 364 554 419 sophistas
579 361 785 404 existimo
818 359 942 402 trahi
974 373 1037 412 eo,
1071 359 1189 415 quod
1219 359 1323 415 (non
1354 374 1502 401 omnes
1524 359 1779 416 philosophi

336 438 386 475 τὰ
420 434 563 485 ἀγαθὰ
594 434 664 472 καὶ
695 432 835 471 δίκαια
869 431 986 481 eoos:
1016 432 1086 470 καὶ
1114 429 1203 470 κατ’
1237 428 1445 484 ἀλήθειαν
1477 443 1574 470 esse
1605 429 1778 482 docent,

332 503 427 556 sed)
460 500 663 543 nonnulli
687 498 841 540 ἅπανθ’
874 497 1016 546 ἁπλῶς
1038 498 1205 551 τάγαθὰ
1236 501 1305 539 καὶ
1336 499 1474 539 δίκαια
1504 498 1780 540 contendunt

330 587 383 613 ex
416 571 591 625 legibus
633 572 680 610 et
711 568 856 624 pactis
890 568 1107 622 originem
1138 568 1358 621 habere“;
1404 582 1488 623 quo
1520 567 1594 619 fit,
1625 570 1680 609 ut
1711 582 1778 610 so-

328 641 507 697 phistae
538 637 826 695 philosophos
871 640 1035 693 putent
1066 637 1336 693 Epicureos,
1379 652 1475 679 cum
1508 650 1617 678 vera
1656 635 1778 678 iusta

328 712 574 766 quaerant,
617 708 739 762 leges
773 710 820 749 et
861 710 996 763 pacta
1027 710 1204 749 mutare
1248 706 1378 749 velle.
1443 706 1617 748 Contra
1661 704 1776 760 Pyr-

328 778 541 833 roneissss),
588 777 663 833 qui
706 776 759 818 de
804 777 1006 818 omnibus
1053 777 1347 828 dubitabant,
1392 790 1534 831 neque
1574 775 1776 818 sensibus

328 849 573 891 veritatem
617 846 873 888 attribuere
917 846 1144 888 audebant
1189 860 1330 901 neque
1371 845 1458 898 eis,
1509 859 1621 901 quae
1661 846 1778 887 bona

327 919 450 959 iusta
481 917 671 959 honesta
716 915 965 957 hominibus
998 917 1278 958 vocabantur
1311 918 1358 957 et
1400 916 1455 956 ab
1488 914 1589 956 aliis
1634 913 1776 970 philo·

328 987 477 1043 sophis
512 986 872 1028 affirmabantur.
934 985 1060 1027 Hanc
1093 984 1417 1026 ratiocinamur
1448 987 1642 1025 mentem
1675 997 1772 1026 esse

330 1057 552 1099 linearum
586 1056 638 1097 13
662 1070 754 1111 sqq.

442 1126 553 1168 Post
602 1125 807 1167 lacunam
853 1125 1043 1166 obscura
1091 1123 1145 1165 fit
1190 1123 1468 1165 constructio
1519 1123 1773 1174 verborum,

326 1195 535 1252 quoniam
584 1194 887 1236 accusativum
939 1193 1194 1249 participii,
1248 1193 1324 1249 qui
1367 1195 1438 1235 est
1480 1192 1688 1240 ἀξιοῦντας
1729 1192 1777 1233 in

326 1266 355 1308 l.
388 1266 456 1317 36,
502 1279 681 1306 necesse
713 1264 894 1306 videtur
928 1278 1023 1305 esse
1069 1263 1253 1318 adiungi
1296 1263 1353 1304 ad
1396 1277 1458 1316 ea,
1493 1276 1607 1318 quae
1650 1264 1777 1303 ante-

326 1337 583 1385 cesserunt,
627 1334 695 1375 ita
726 1334 948 1378 fortasse,
993 1336 1046 1374 ut
1076 1347 1163 1374 una
1197 1332 1450 1374 sententiae
1496 1330 1774 1374 constructio

327 1404 495 1446 evadat
525 1419 664 1459 usque
697 1404 753 1445 ad
785 1403 865 1445 col.
899 1402 1031 1444 XXV
1064 1403 1092 1444 l.
1129 1403 1194 1444 11.
1268 1402 1364 1444 Ηο0
1395 1401 1572 1457 quidem
1602 1403 1775 1443 certum

326 1477 398 1515 est
430 1473 531 1515 inde
563 1487 589 1515 a
620 1473 648 1514 1.
673 1473 727 1515 27
759 1473 839 1514 col.
861 1472 1018 1514 XXIV
1042 1471 1348 1514 Philodemum
1371 1485 1604 1527 exponere,
1640 1484 1775 1526 quan—

325 1547 484 1598 topere
516 1543 586 1585 vir
618 1542 866 1598 Epicureus
899 1529 1134 1583 iustitiam'
1162 1541 1283 1583 colat
1315 1543 1450 1596 atque
1482 1539 1606 1581 ultro
1640 1538 1775 1581 omni-

325 1614 407 1654 bus
440 1612 614 1667 legibus
648 1613 948 1666 obtemperet,
983 1614 1029 1652 et
1060 1610 1246 1666 pingere
1278 1609 1526 1662 discrimen,
1560 1608 1678 1664 quod
1706 1607 1773 1650 in-

326 1682 467 1724 tersit
498 1681 618 1723 inter
652 1695 725 1732 ea,
768 1694 881 1735 quae
915 1680 1144 1735 sophistae
1177 1694 1275 1721 sese
1307 1679 1490 1721 tradere
1521 1677 1694 1720 iactent
1726 1680 1773 1719 et

326 1766 439 1807 quae
484 1752 529 1793 in
572 1751 707 1793 horto
753 1750 938 1806 Epicuri
982 1749 1228 1791 discantur.
1289 1749 1498 1804 Legimus
1543 1747 1686 1803 igitur
1726 1746 1773 1789 in

325 1821 406 1863 col.
439 1821 599 1863 XXIV
630 1820 658 1861 1.
693 1821 746 1862 27
765 1834 857 1875 sqq.
892 1834 1011 1876 sqq:

548 1893 596 1931 τὰ
628 1889 714 1945 μὲν]
748 1889 831 1943 τοῦ]
864 1891 980 1946 ‘possa
1012 1890 1172 1930 δικαίου
1205 1888 1291 1942 Aah
1322 1903 1399 1929 κα-

739 1960 811 2000 λοῦ
843 1958 1036 2013 χ]ώ[ρ]αν
1069 1959 1176 2014 ἔχειν
1197 1958 1246 2007 ⁶²)
1282 1990 1290 1997 .
1325 1990 1333 1998 .
1369 1956 1445 2011 ‚⁶1)

870 2131 877 2138 .
911 2100 961 2138 τὰ
993 2093 1025 2138 δ’
1061 2097 1219 2139 ἐναντία
1253 2096 1355 2153 [τ]ὴν

738 2174 813 2208 τῶν
847 2167 1046 2215 ἐναντίων,
1079 2168 1164 2208 ἔνια
1196 2167 1239 2207 δὲ

450 2310 510 2352 60)
538 2307 603 2342 cfr.
630 2309 735 2351 Diog.
764 2309 806 2343 L.
833 2310 881 2343 IX
904 2312 990 2344 104:
1034 2310 1082 2343 ὅτι
1119 2311 1156 2344 τὸ
1184 2315 1246 2356 πῦρ
1272 2312 1367 2353 καίει,
1406 2309 1645 2354 αἰσθανόμεθα.
1683 2308 1709 2341 εἰ
1734 2307 1768 2340 δὲ

329 2367 424 2412 qums)
444 2368 511 2413 ἔχει
529 2369 721 2414 καυστικήν,
748 2369 920 2415 ἐπέχομεν.
942 2390 985 2394 -
1008 2372 1087 2404 101;
1118 2370 1211 2416 φῦσει
1229 2383 1262 2404 τε
1292 2372 1337 2416 μὴ
1363 2371 1443 2403 εἶναι
1460 2369 1585 2415 ἀγαθὸν
1610 2367 1766 2414 ἢκακόν·

330 2427 356 2458 εἰ
384 2428 443 2472 γάρ
470 2427 500 2459 τί
526 2427 591 2460 ἐστι
618 2427 709 2472 :posit
746 2428 869 2473 ἀγαθὸν
902 2430 958 2462 καὶ
995 2430 1120 2472 κακόν,
1159 2434 1253 2463 πᾶσιν
1294 2430 1415 2476 ὀφείλει
1452 2428 1576 2474 ἀγαθὸν
1614 2428 1634 2472 ἢ·
1662 2426 1767 2459 κακόν

327 2485 504 2531 ὒπάρχειν,
545 2486 656 2532 ὥσπερ
684 2488 701 2532 i,
743 2489 827 2533 χιὼν
866 2493 943 2522 mla
970 2490 1120 2535 ψυχρόν·
1160 2490 1269 2522 κοινόν
1297 2489 1323 2522 δ’
1352 2489 1444 2522 οὐδὲν
1472 2489 1603 2521 πάντων
1642 2484 1767 2531 ἀγαθὸν

327 2544 345 2589 ἦ
374 2547 477 2578 κακόν
505 2547 599 2578 ἐστιν.
639 2545 684 2580 Cf.
711 2546 796 2580 ibid.
824 2551 878 2581 (il.

447 2605 507 2647 431)
535 2604 615 2637 ὥστ’
643 2606 674 2638 ἐν
772 2607 894 2640 robam
920 2609 1006 2641 κατὰ
1033 2608 1137 2653 μηδὲν
1173 2607 1392 2652 {stein-Tem?
1431 2605 1506 2639 Cfr.
1533 2605 1637 2648 Diog.
1666 2604 1706 2638 L.
1734 2603 1767 2636 X

334 2663 493 2704 1501151.
546 2664 696 2698 Omnino
725 2664 768 2698 de
795 2670 872 2699 toto
911 2667 976 2699 hoc
1012 2667 1091 2700 loco
1120 2666 1356 2700 conferantur
1383 2665 1590 2700 Sententiae
1616 2663 1767 2707 Epicuri

328 2720 500 2763 Selectac,
531 2733 619 2764 quas
638 2725 708 2768 περὶ
726 2729 783 2757 τοῦ
804 2725 931 2758 δικαίου
950 2725 1108 2769 scripsit,
1132 2725 1236 2768 Diog.
1256 2725 1297 2760 L.
1317 2726 1349 2758 X
1367 2726 1549 2759 150—153
1568 2725 1640 2767 (ap.
1659 2722 1765 2758 Usen.

329 2780 361 2811 S.
391 2780 424 2813 S.
452 2781 838 2827 XXXI—XXXYIH),
865 2784 935 2818 Cic.
963 2783 995 2819 d.
1023 2784 1080 2818 fin.
1108 2785 1124 2818 I
1152 2795 1228 2828 cap.
1254 2786 1304 2818 16.

447 2841 505 2883 ⁴32)
534 2839 576 2872 de
604 2841 783 2876 locutione
811 2842 878 2878 cfr.
905 2844 970 2878 col.
998 2844 1082 2877 XXI
1110 2844 1245 2880 ineunt.
