1955 3298
766 677 940 734 Caput
968 676 1004 721 Ι.

283 894 558 950 Fragmenta
608 892 716 935 libri
762 892 804 934 V
851 891 1125 935 Sudhausius
1171 892 1351 949 putavit
1398 908 1494 936 esse
1544 907 1608 944 ea,

167 979 281 1021 quae
311 964 356 1005 in
387 962 475 1005 vol.
509 962 560 1004 Π
596 961 699 1004 inde
738 976 764 1004 a
794 978 835 1018 p.
861 962 1087 1004 131-—167
1118 962 1346 1018 leguntur.
1408 963 1501 1005 Has
1534 977 1609 1018 pa-

167 1048 331 1090 pyros,
378 1033 465 1075 etsi
504 1047 619 1074 nunc
652 1032 763 1074 duae
796 1032 908 1084 sint,
950 1034 1106 1088 partes
1148 1032 1277 1074 unius
1317 1033 1482 1088 papyri
1513 1047 1609 1074 esse

168 1104 478 1146 demonstrare
523 1117 569 1145 se
613 1116 742 1157 posse
787 1102 854 1144 ait
900 1101 946 1143 in
988 1101 1132 1158 praef.
1166 1102 1379 1157 v01.111)
1423 1108 1467 1144 et
1511 1116 1607 1144 con-

168 1172 413 1228 iungendas
447 1187 543 1214 cum
575 1171 789 1214 columnis
822 1171 1043 1213 continuis
1077 1170 1165 1213 vol.
1192 1171 1229 1223 Ι,
1262 1171 1420 1227 quibus
1454 1186 1611 1213 nomen

166 1241 275 1284 libri
306 1242 349 1284 V
381 1241 525 1293 dedit,
569 1256 591 1283 e
624 1240 915 1283 similitudine
946 1240 1117 1283 formae
1157 1243 1204 1283 et
1235 1241 1491 1296 argumenti
1523 1240 1611 1283 col-

167 1311 331 1367 ligit2).
392 1311 554 1367 Itaque
591 1310 816 1352 columnas
858 1310 1090 1352 continuas
1133 1313 1179 1352 et
1220 1310 1478 1366 fragmenta
1520 1310 1611 1352 ista

167 1383 265 1423 tres
307 1382 462 1437 partes
496 1379 691 1422 eiusdem
722 1379 888 1435 papyri
920 1380 1092 1422 censuit
1124 1395 1231 1423 esse.
1293 1379 1387 1421 Nos
1420 1379 1609 1435 quidem,

167 1465 263 1492 cum
304 1450 417 1492 talia
460 1452 668 1492 accurate
712 1449 921 1505 persequi
965 1449 1147 1505 longum
1191 1451 1237 1492 et
1280 1448 1506 1492 difficicile
1550 1449 1609 1491 sit

166 1520 214 1562 in
243 1519 417 1562 laciniis
443 1519 866 1571 Herculanensibus,
900 1518 1189 1561 verisimilem
1219 1518 1440 1574 quandam
1471 1518 1610 1561 ratio-

167 1605 265 1632 nem
319 1604 564 1645 sequemur.
647 1589 847 1645 Namque
899 1589 996 1631 veri
1055 1588 1198 1631 simile
1255 1588 1607 1630 existimabimus

167 1673 300 1701 unam
338 1673 563 1715 papyrum
605 1673 703 1701 esse
750 1661 796 1701 et
839 1659 1095 1713 fragmenta
1137 1658 1229 1700 ista
1268 1673 1363 1700 cum
1395 1657 1607 1700 columnis

98 1768 102 1770 ,
168 1728 390 1771 continuis
413 1728 519 1770 libri
541 1729 584 1771 V
607 1728 894 1781 concilianda,
928 1728 966 1770 si
988 1743 1060 1770 res
1096 1727 1247 1770 eodem
1278 1730 1432 1770 tractu
1455 1728 1609 1783 agitur

169 1797 215 1840 in
245 1797 458 1840 columnis
500 1800 635 1854 atque
679 1797 724 1839 in
767 1797 1058 1853 fragmentis,
1104 1802 1150 1839 et
1191 1797 1228 1839 si
1268 1797 1313 1838 in
1354 1796 1477 1838 nulla
1520 1796 1610 1839 alia

169 1870 301 1924 parte
346 1867 503 1909 horum
550 1867 821 1909 voluminum
870 1867 1054 1910 eundem
1102 1881 1277 1909 sensum
1329 1870 1375 1909 et
1426 1866 1608 1909 eandem

172 1937 472 1980 condicionem
514 1937 791 1992 argumenti
815 1937 1102 1993 reperiemus.
1165 1937 1330 1993 Atqui,
1384 1936 1500 1992 quod
1552 1935 1608 1978 ad

169 2021 346 2049 sensum
406 2006 594 2060 attinet,
659 2009 860 2062 σύγκρισιν
913 2009 1154 2064 φιλοσοφίας
1218 2009 1289 2048 καὶ
1349 2004 1610 2062 ῥητορικῆς3)

169 2091 317 2119 omnes
360 2079 515 2132 partes
554 2076 790 2119 ostendere
834 2092 913 2118 nos
956 2076 1202 2119 invenimus
1244 2081 1289 2119 et
1333 2075 1607 2118 Sudhausius

169 2146 284 2188 huno
326 2146 461 2188 etiam
505 2145 690 2188 titulum
733 2146 898 2188 tribuit
944 2146 1033 2188 toti
1076 2146 1192 2188 libro
1236 2146 1338 2197 V4).
1414 2145 1607 2187 Tractus

169 2219 320 2258 autem
366 2215 770 2271 argumentationis
817 2216 854 2258 is
902 2219 991 2268 est,
1041 2219 1092 2258 ut
1132 2215 1417 2257 Philodemus
1461 2214 1608 2256 dicere

170 2284 380 2327 videatur
412 2284 628 2327 adversus
662 2285 886 2341 sophistas
910 2301 1091 2327 suorum
1112 2288 1375 2341 temporum,
1407 2284 1609 2326 libellum

169 2353 397 2397 cuiusdam
420 2369 572 2397 eorum
593 2357 869 2410 persecutus,
904 2369 988 2411 quo
1022 2355 1135 2396 bona
1164 2354 1278 2396 artis
1310 2353 1486 2396 dicendi
1515 2352 1609 2395 lau-

171 2423 299 2466 dibus
344 2423 592 2477 tolluntur‚
639 2424 1005 2481 philosophorum
1052 2423 1239 2466 scientia
1285 2426 1332 2465 et
1377 2423 1607 2465 institutio

173 2493 294 2536 vitae
327 2496 551 2550 tamquam
580 2493 756 2536 inutilis
798 2496 844 2535 et
876 2494 1041 2549 ignava
1072 2493 1324 2549 repellitur.
1388 2493 1509 2535 Haec
1541 2492 1608 2534 ita

292 2628 327 2669 1)
354 2625 418 2659 cfr.
447 2637 479 2669 p.
497 2625 572 2658 VII.

291 2686 326 2727 2)
355 2683 419 2718 cfr.
448 2683 562 2728 praef.
591 2684 692 2717 vol.I
719 2695 753 2727 p.
772 2684 839 2717 XII
867 2688 902 2718 et
928 2683 1003 2717 XL.

291 2744 327 2787 3)
355 2744 418 2777 cfr.
445 2743 512 2777 vol.
531 2743 565 2776 Il
591 2755 623 2787 p.
648 2745 712 2777 146
740 2742 832 2776 med.

288 2804 324 2844 4)
352 2802 416 2835 cfr.
444 2802 511 2836 vol.
530 2803 546 2835 Ι
572 2813 605 2845 p.
626 2802 709 2835 XLI
735 2801 815 2836 vide
841 2812 983 2844 quoque
1007 2801 1295 2845 supplementum
1327 2800 1396 2844 (ed.
1425 2800 1608 2844 Sudhaus)

174 2872 207 2904 p.
226 2861 362 2895 XXVII
389 2859 452 2894 inf.
