1955 3298
902 197 956 238 65

600 307 760 360 ἀγαθοῦ
793 312 1065 367 καθεστώσης
1097 312 1121 368 ἢ

601 378 826 431 θεραπείας
858 376 1136 437 ὒπαρχοῦσης,
1170 382 1232 438 [ἦν

600 446 720 509 *abaco
751 447 934 501 κα[κ]ίαν
966 454 1184 503 καταγνόν-

602 505 668 562 in
702 514 771 570 [ο]ἱ
802 518 945 558 πολλοὶ
976 523 1224 576 προσφέρου-

601 599 671 636 σιν,
705 583 730 640 ἢ
763 589 856 640 παρ’
888 585 980 628 ὅλον
1013 588 1110 642 [τ]ὸν
1142 591 1225 642 βίον

602 659 726 694 ταῦτα
758 647 1073 711 προσφερόντών,
1108 656 1198 713 [ἀλ-

601 723 637 762 λ’
671 721 748 779 οὐχ
779 722 898 771 ἅπαξ.

326 813 430 856 Viri
462 813 543 864 illi,
578 815 652 870 qui
687 816 929 873 ἀρετηφόροι
959 821 1190 871 vocantur,
1223 834 1383 862 revera
1413 819 1517 861 mali
1549 823 1654 862 sunt

209 882 425 936 homines,
458 884 533 926 ubi
565 885 763 927 accusati
795 886 1033 942 aliquando
1067 891 1170 930 sunt
1201 890 1254 931 ab
1286 889 1556 939 hominibus,
1601 891 1653 931 ut

209 951 432 994 rationem
464 954 670 1006 reddant,
704 959 938 1008 recusant,
981 957 1108 1011 quasi
1140 957 1343 1011 coacti32)
1375 958 1466 1001 sint
1497 958 1553 1000 ad
1584 973 1654 1000 sa-

208 1021 457 1075 nationem,
503 1038 646 1079 neque
687 1025 911 1080 recipiunt
950 1029 1019 1082 τὴν
1063 1027 1286 1081 θεραπείαν
1326 1030 1472 1082 ταὺτην
1512 1053 1566 1057 ψ
1597 1053 1653 1057 -—

214 1091 454 1139 „videntur
497 1096 646 1135 autem
689 1094 772 1136 sibi
811 1095 1001 1137 maiores
1045 1096 1193 1138 subire
1232 1096 1484 1138 curationes
1527 1111 1654 1152 quam

211 1160 264 1213 ei,
300 1161 375 1217 qui
409 1163 587 1218 aegroti
620 1163 724 1217 sint,
754 1164 915 1206 nedum
947 1164 1166 1207 virtutem
1197 1165 1428 1221 recipiant,
1460 1165 1585 1207 velut
1617 1166 1656 1207 si

210 1244 298 1272 non
347 1246 503 1273 verum
548 1234 710 1274 bonum
747 1233 818 1290 ,sit
858 1234 1005 1276 virtus
1053 1239 1131 1276 aut
1176 1234 1349 1276 curatio
1397 1237 1546 1277 exstet
1591 1249 1654 1287 ea,

211 1313 343 1355 quam
376 1301 619 1344 multitudo
661 1304 819 1354 affert,
861 1306 1097 1359 postquam
1128 1303 1290 1345 malum
1321 1303 1536 1345 hominem
1576 1303 1656 1345 ali-

211 1383 339 1425 quem
372 1370 590 1414 iudicavit
622 1386 731 1424 esse,
765 1376 845 1414 aut
876 1387 956 1428 per
988 1377 1131 1414 totam
1162 1372 1303 1414 vitam
1334 1372 1528 1414 homines
1562 1387 1657 1414 eam

210 1438 389 1493 ferant,
434 1456 522 1482 non
554 1456 662 1483 vero
695 1442 871 1483 seme].“
937 1442 1034 1494 Qua
1071 1442 1246 1483 ratione
1286 1445 1448 1497 pergat
1479 1441 1534 1483 ad
1575 1441 1658 1482 ini-

210 1509 325 1551 tium
357 1509 438 1551 col.
472 1509 645 1563 XXIX,
678 1526 758 1553 nos
791 1510 933 1553 adhuc
964 1526 1050 1553 non
1082 1511 1192 1553 satis
1225 1511 1542 1566 perspeximus.

328 1579 425 1621 Hoc
455 1579 630 1635 quidem
662 1583 834 1622 certum
867 1582 936 1622 est
965 1595 1127 1622 novum
1158 1579 1352 1634 incipere
1383 1582 1517 1635 caput
1557 1594 1658 1621 auc-

211 1651 358 1691 torem
401 1648 481 1690 col.
514 1649 675 1690 XXIX
705 1649 730 1690 2
776 1664 825 1691 ac
870 1652 1174 1692 tractaturum
1217 1663 1313 1691 esse
1358 1664 1454 1690 eum
1498 1648 1654 1700 locum,

213 1718 288 1773 qui
309 1718 576 1760 novissimus
600 1718 781 1760 videtur
806 1719 946 1760 fuisse
968 1719 1013 1760 in
1034 1718 1186 1759 libello
1218 1718 1305 1759 isto
1331 1717 1653 1773 sophistarum,

211 1786 532 1842 praedicabant
573 1787 643 1829 hic
675 1787 959 1842 praesidium,
1005 1787 1120 1842 quod
1163 1790 1264 1828 arte
1306 1786 1387 1828 fiat
1426 1785 1541 1842 apud
1588 1785 1654 1826 iu-

214 1856 345 1899 dices.
409 1856 502 1898 Nos
535 1856 710 1912 quidem
743 1856 978 1899 confestim
1009 1870 1333 1911 percurremus.

329 1925 538 1981 Legimus
592 1926 724 1968 haec:
782 1926 1025 1981 „Deinceps
1079 1928 1315 1981 postquam
1366 1926 1660 1965 asseruerunt

214 1997 392 2037 certare
423 2010 502 2037 nos
535 2010 622 2037 non
656 2010 750 2036 cum
784 1995 982 2037 externis
1014 1994 1243 2044 hostibus,
1276 2008 1302 2034 a
1334 1992 1488 2049 quibus
1522 1991 1659 2034 occidi

213 2064 450 2107 honestum
492 2064 553 2106 sit
584 2064 766 2120 deisque
808 2067 1014 2119 gratum,
1061 2063 1135 2105 sed
1178 2078 1272 2105 cum
1305 2063 1388 2114 eis,
1434 2061 1506 2117 qui
1537 2061 1659 2102 intra

214 2133 387 2176 moenia
420 2134 524 2185 sint,
558 2148 583 2175 a
616 2133 773 2190 quibus
818 2133 932 2175 mori
964 2132 1272 2188 turpissimum
1306 2131 1389 2182 sit,
1433 2135 1657 2186 postremo

215 2203 430 2245 eveniunt
472 2218 553 2245 nec
597 2203 653 2245 ad
702 2203 918 2245 virtutem
963 2227 1017 2232 —
1065 2216 1228 2256 „neque
1276 2200 1389 2242 enim
1432 2199 1660 2241 Socratem

216 2272 360 2315 iuvit“
395 2298 469 2325 —,
512 2287 653 2328 neque
698 2272 753 2314 ad
798 2275 942 2313 artem
985 2270 1187 2313 medendi
1225 2295 1280 2300 ——
1315 2268 1503 2322 „liberat
1547 2267 1662 2309 enim

215 2341 324 2384 haec
366 2341 533 2383 morbis
568 2341 768 2398 quidem,
809 2356 897 2383 non
939 2355 1046 2382 vero
1090 2339 1289 2381 iudiciis‘·'
1324 2363 1392 2389 -—,
1424 2350 1563 2392 neque
1603 2335 1661 2377 ad

216 2410 353 2453 ullam
392 2410 525 2453 aliam
557 2411 845 2461 facultatem,
890 2410 965 2452 sed
997 2409 1053 2450 ad
1084 2407 1374 2458 rhetoricam,
1419 2420 1528 2461 quae
1574 2419 1661 2446 non

218 2480 359 2522 solum
409 2480 461 2522 de
504 2480 651 2536 capite
696 2479 1058 2536 periclitantibus
1104 2476 1360 2527 subveniat,
1405 2474 1481 2516 sed
1526 2473 1662 2515 etiam

218 2549 295 2603 eis,
330 2550 405 2606 qui
435 2549 488 2592 de
529 2565 578 2592 re
610 2549 824 2592 familiari
840 2548 913 2602 33),
956 2548 1008 2589 de
1041 2545 1330 2601 derogatione
1362 2542 1575 2594 civitatis,
1608 2541 1662 2583 de

337 2714 397 2756 32)
425 2713 490 2747 cfr.
518 2713 582 2747 col.
613 2713 730 2747 XXVI
757 2716 787 2746 3.

340 2774 400 2816 33)
430 2771 494 2805 cfr.
523 2773 588 2806 col.
616 2772 728 2816 VJVI.
