1955 3298
1016 260 1042 301 6

317 381 429 422 enim
461 380 585 421 tenet
607 376 889 418 Philodemus
914 388 993 430 per
1019 388 1166 416 omnes
1190 372 1331 414 libros
1355 387 1457 414 suos
1490 371 1756 415 rhetoricos.

316 450 370 491 In
401 448 506 489 libri
528 446 593 487 IV
627 446 773 488 tribus
806 443 1012 500 partibus
1028 442 1058 497 5)
1091 442 1187 498 agit
1220 441 1273 484 de
1305 441 1419 484 artis
1454 441 1758 497 sophistarum

316 517 423 560 locis
450 514 720 572 quibusdam,
744 512 871 555 velut
893 512 946 554 de
970 512 1243 554 ornamentis
1262 510 1482 563 dictionis,
1507 510 1560 553 de
1582 510 1758 553 actione

318 588 435 639 (arte
468 583 745 640 hypocritica
758 582 812 637 6),
855 582 908 624 de
948 581 1155 638 partibus
1190 580 1409 623 orationis
1424 580 1477 633 ⁷),
1520 579 1573 623 cle
1604 580 1758 623 inven-

314 654 490 708 tiones),
513 653 565 695 de
584 667 748 708 genere
766 650 1123 694 demonstrativo
1137 650 1188 706 ⁹);
1212 650 1282 692 hic
1304 649 1571 692 novissimus
1592 649 1758 705 optime

315 729 520 765 servatus
554 728 623 764 est
654 721 788 763 locus.
851 721 906 762 In
945 720 1027 763 hoc
1064 720 1210 776 carpit
1243 719 1475 761 rhetorum
1506 718 1759 776 aequalium

318 792 627 847 arrogantiam
669 794 715 833 et
756 790 1013 840 levitatem,
1061 790 1143 832 cfr.
1176 805 1216 846 p.
1241 789 1327 830 214
1360 805 1473 845 sup:
1522 815 1578 819 —
1623 792 1666 831 τὸ
1714 790 1758 830 δὲ

315 865 539 918 σοφιστικὸν
571 865 688 914 γένος
721 860 822 902 τοῦτ’
857 859 1172 913 ἐπαγγέλλεται,
1216 863 1351 915 πρὸς
1394 860 1414 901 ὃ
1459 862 1549 901 καὶ
1591 860 1757 914 λαλή-

314 946 473 986 σομεν
506 929 590 971 ἐπὶ
626 932 748 977 τοὺς
792 929 1189 985 ἐκδεδομένους
1233 926 1316 971 ὑπ’
1361 927 1526 970 αὐτῶν
1567 930 1759 982 λόγους

314 1000 688 1056 ἀναφέροντες.
773 998 964 1051 Quintus
1019 998 1222 1054 sequitur
1281 997 1396 1040 liber
1412 998 1461 1053 ¹0)
1520 997 1760 1040 secundum

315 1069 537 1111 rat-ionem
569 1068 894 1122 Sudhausii11),
939 1082 1050 1124 quae
1094 1067 1220 1110 nobis
1264 1070 1392 1110 recta
1430 1067 1613 1110 videtur
1646 1082 1757 1110 esse.

314 1138 482 1180 Eadem
530 1138 643 1180 enim
690 1137 866 1180 ratione
919 1137 1116 1193 scriptor
1162 1137 1209 1179 in
1254 1137 1369 1179 libro
1416 1137 1484 1179 IV
1530 1139 1666 1193 atque
1711 1136 1758 1179 in

313 1207 431 1249 libro
467 1208 560 1260 „V“
596 1208 752 1263 (neque
798 1207 845 1249 in
890 1207 978 1249 alio
1021 1222 1197 1258 eorum,
1248 1207 1321 1262 qui
1363 1209 1628 1263 supersunt,
1675 1206 1758 1249 hoc

314 1277 442 1319 modo
493 1291 586 1319 rem
637 1277 829 1331 tractat)
881 1276 1186 1333 sophistarum
1236 1276 1407 1332 scripta
1457 1276 1608 1333 aliqua
1657 1290 1758 1333 per-

315 1346 542 1401 sequitur,
596 1349 862 1402 argumenta
909 1361 1060 1388 eorum
1108 1345 1356 1388 refellendo
1409 1349 1455 1389 et
1507 1345 1758 1389 doctrinam

318 1415 628 1471 vituperando.
692 1416 815 1457 Tunc
855 1420 1005 1458 autem
1047 1416 1173 1457 nobis
1217 1415 1295 1457 lux
1339 1415 1554 1472 quaedam
1586 1415 1757 1458 oborie-

315 1485 450 1526 batur
493 1485 538 1526 in
581 1485 772 1527 omnium
812 1485 968 1527 horum
1000 1484 1272 1528 voluminum
1317 1485 1616 1537 obscuritate,
1660 1500 1757 1527 cum

315 1554 625 1597 internoscere
658 1555 938 1610 cupiebamus
972 1554 1279 1597 Philodemum
1310 1570 1434 1597 suam
1465 1558 1759 1611 exponentem

315 1624 583 1666 sententiam
608 1627 653 1666 et
676 1624 1000 1680 disceptantem
1022 1624 1213 1666 aliorum
1235 1625 1483 1667 sententias
1511 1629 1590 1667 aut
1610 1624 1754 1681 philo-

313 1692 554 1748 sophorum
595 1697 673 1735 aut
718 1693 1033 1750 sophistarum.
1096 1694 1414 1750 Proposuimus
1446 1695 1572 1737 nobis
1605 1694 1755 1751 expla-

313 1762 463 1805 nanda
484 1777 546 1815 ea,
581 1778 691 1819 quae
713 1764 759 1805 in
781 1763 855 1806 lib.
882 1764 922 1806 V
944 1763 1048 1806 inde
1079 1779 1105 1806 a
1136 1779 1176 1820 p.
1201 1764 1386 1820 253—p.
1409 1765 1493 1807 265
1525 1764 1753 1820 leguntur.

313 1830 402 1873 Sed
452 1833 709 1888 priusquam
760 1833 816 1875 ad
874 1847 969 1876 eam
1025 1836 1202 1889 partem
1258 1834 1589 1890 perveniemus,
1654 1849 1756 1877 con-

314 1901 552 1944 sideranda
583 1903 709 1945 nobis
743 1903 832 1946 erit
864 1906 1017 1946 cetera
1048 1918 1153 1960 pars
1186 1904 1292 1947 libri
1319 1904 1382 1959 V;
1428 1904 1756 1961 respiciendum

312 1985 484 2027 quoque
517 1972 607 2015 erit
640 1973 696 2015 ad
726 1973 890 2016 librum
922 1974 1003 2017 IV.

431 2092 468 2135 5)
495 2092 562 2125 vol.
589 2092 605 2125 Ι
631 2104 664 2135 p.
688 2095 752 2126 147
768 2104 845 2136 sqq.

434 2152 470 2193 6)
497 2162 529 2194 p.
553 2153 616 2185 193
633 2162 710 2195 sqq.

432 2210 468 2251 7)
495 2221 528 2253 p.
548 2212 615 2243 202
632 2221 708 2253 sqq.

430 2270 466 2311 ὃ)
494 2279 527 2311 p.
548 2271 615 2303 204
631 2280 706 2312 sqq.

433 2328 468 2371 9)
496 2339 529 2371 p.
550 2331 616 2361 212
635 2339 711 2371 sqq.

412 2390 469 2429 10)
497 2386 562 2421 cfr.
590 2388 657 2422 vol.
678 2387 692 2421 I
720 2400 752 2431 p.
773 2390 840 2421 225
857 2399 933 2432 sqq.

411 2446 468 2489 ll)
496 2446 560 2479 cfr.
589 2447 691 2480 vol.I
718 2458 751 2490 p.
773 2448 847 2481 XL.
