1955 3298
934 253 988 294 59

587 365 661 408 οὐκ
683 366 798 409 ἐλέου
812 366 859 421 1Ο)
891 370 960 408 καὶ
983 375 1099 424 τιμῆς
1131 368 1343 424 toy-msto&

585 435 658 483 Τίς
689 434 734 477 οἱ)
764 440 905 494 φησίν;

362 517 545 570 „Nonne
586 516 680 569 vir,
727 517 802 573 qui
842 517 1058 559 virtutem
1098 518 1253 570 habet,
1301 532 1396 559 cum
1435 518 1676 559 infamatus

241 585 515 644 persuadere
561 585 807 629 hominibus
853 587 1028 642 nequit,
1083 587 1225 642 qualis
1272 601 1376 629 vere
1423 586 1505 637 si†,
1557 586 1678 629 forte

242 656 380 699 etiam
409 669 551 712 poena
582 655 801 709 afficitur,
834 671 922 698 non
951 659 1099 698 autem
1130 656 1409 711 indulgentia
1439 658 1573 711 atque
1603 654 1679 697 ho-

243 725 382 768 nore?
443 725 552 777 Quis
584 726 778 781 negat‘?“
834 725 1063 768 Cernimus
1096 726 1399 767 Philodemum
1430 723 1680 766 rescinden-

243 797 336 837 tem
369 794 673 851 sophistarum
713 795 993 851 propositum
1036 795 1150 837 tale:
1208 794 1381 852 „apem
1424 793 1449 850 ἡ
1488 792 1680 850 ῥητορικὴ

245 865 528 920 παραδιδοῦσα
571 864 718 921 ἀρετὴν
753 867 956 921 πολιτικὴν
1000 867 1070 906 καὶ
1102 867 1272 912 πειθοῦς
1302 865 1485 919 δὸναμιν,
1532 863 1598 904 ita
1628 863 1681 903 ut

243 940 403 976 orator
435 949 610 990 semper
640 936 796 977 teneat
826 934 1048 976 hominum
1080 938 1252 985 coetus,
1295 933 1498 988 quoniam
1528 933 1681 973 πείθων

243 1004 352 1050 δόξει
390 1005 521 1051 καλὸς
563 1003 775 1057 κάγαθός,
821 1007 1054 1046 accusatus
1098 1006 1246 1046 autem
1291 1002 1424 1058 (apud
1455 999 1682 1057 populum)

246 1073 293 1115 vi
335 1073 632 1129 persuadendi
665 1073 875 1115 ostendet
916 1089 962 1116 se
1001 1075 1163 1115 bonum
1195 1073 1339 1113 virum
1383 1086 1490 1113 esse.
1553 1069 1682 1123 (Con-

244 1144 323 1185 tra
367 1142 655 1199 philosophos
702 1143 850 1185 virtus
898 1158 979 1185 sua
1022 1158 1109 1184 non
1165 1144 1321 1183 servat
1373 1165 1428 1170 —
1469 1138 1560 1181 οὗδὲ
1605 1141 1681 1192 γὰρ

246 1211 469 1268 Σωκράτην
517 1211 789 1269 ὠφέλησενη)
833 1228 911 1263 —;
954 1226 1054 1253 nam
1098 1211 1157 1262 ei,
1209 1210 1283 1252 ubi
1329 1208 1489 1266 aliquis
1538 1207 1683 1249 crimi-

245 1283 381 1324 natus
434 1284 524 1335 est,
576 1281 884 1337 persuadendo
932 1295 1127 1337 purgare
1178 1296 1222 1322 se
1273 1294 1360 1321 non
1409 1276 1678 1334 poterunt.)“

246 1351 366 1393 Tota
396 1351 505 1393 haec
534 1352 760 1393 sententia
791 1366 877 1407 qua
918 1351 1093 1392 ratione
1125 1364 1150 1392 a
1182 1348 1393 1404 sophistis
1426 1346 1605 1403 prolata
1637 1347 1683 1386 et

247 1435 346 1463 cum
378 1421 540 1464 ceteris
573 1422 723 1463 verbis
761 1437 909 1463 eorum
943 1420 1179 1463 conciliata
1212 1419 1283 1463 sit.
1328 1417 1577 1473 perspicere
1611 1415 1684 1455 vix

247 1490 494 1546 continget.
571 1491 675 1546 Ipse
721 1490 1003 1532 Philodemus
1047 1489 1279 1544 vituperat
1320 1487 1539 1528 rationem
1582 1498 1684 1539 pro-

248 1560 388 1616 positi
419 1559 739 1616 sophistarum3
773 1575 911 1615 neque
945 1559 1059 1601 enim
1090 1558 1146 1601 ad
1177 1573 1268 1599 rem
1298 1555 1536 1612 pertinere⁷
1569 1552 1685 1608 quod

248 1629 472 1671 dixerint:
505 1629 725 1671 virtutem
757 1629 905 1671 doceri
936 1644 1024 1671 non
1055 1643 1184 1684 posse
1202 1627 1264 1679 12).
1326 1625 1518 1666 Praeter
1548 1621 1684 1678 opini-

250 1714 377 1741 onem
419 1698 609 1754 quodam
650 1699 777 1740 modo
810 1699 1064 1740 nominatur
1104 1697 1148 1738 in
1178 1695 1258 1738 col.
1291 1693 1450 1736 XXVI
1482 1692 1536 1733 39
1566 1690 1591 1746 ἡ
1625 1689 1687 1731 εἰ)-

251 1769 461 1824 &acumem
509 1768 651 1810 totius
695 1767 1000 1824 philosophiae
1044 1766 1141 1808 finis
1188 1765 1257 1807 hic
1300 1762 1545 1805 hominibus
1587 1762 1687 1802 erat

251 1837 472 1892 antiquis,
518 1838 706 1879 maxime
750 1837 997 1893 Epicureis.
1074 1836 1243 1877 Verum
1288 1833 1421 1875 etiam
1466 1830 1686 1881 rhetores,

253 1906 330 1962 qui
380 1898 572 1962 aequare
623 1906 837 1948 volebant
882 1906 1070 1962 gloriam
1114 1903 1496 1961 philosophorum,
1549 1899 1687 1942 vitam

252 1977 434 2019 beatam
464 1979 517 2019 ut
549 1991 760 2018 summam
803 1976 1130 2032 pollicebantur
1163 1973 1300 2016 omnis
1343 1970 1594 2013 rhetoricae
1626 1967 1689 2010 vi-

254 2048 418 2102 taeque
450 2046 646 2088 oratoris
679 2045 901 2100 civilisffi).
954 2045 1125 2100 Itaque,
1162 2058 1258 2085 cum
1291 2041 1484 2097 scriptor
1515 2042 1690 2080 senten-

255 2115 365 2157 tiam
410 2115 713 2171 sophistarum
755 2115 1004 2171 impugnet,
1051 2114 1115 2165 id,
1160 2112 1275 2168 quod
1320 2110 1400 2153 col.
1445 2107 1603 2150 XXVI
1635 2106 1689 2147 39

255 2184 440 2236 inducit,
480 2200 637 2228 nomen
677 2185 859 2227 videtur
903 2185 1038 2227 etiam
1083 2185 1137 2225 ab
1184 2182 1276 2224 eius
1320 2177 1591 2222 adversariis
1637 2177 1691 2217 ut

255 2254 357 2296 finis
409 2255 523 2297 artis
575 2255 803 2297 oratoriae
863 2257 910 2296 et
960 2252 1145 2295 virtutis
1196 2250 1339 2293 civilis
1391 2245 1691 2290 collaudatum

257 2338 368 2366 esse.

380 2486 596 2530 10)ὁέ).εος
623 2486 680 2518 ἀντ
685 2485 771 2530 ίῦτρο
761 2497 817 2529 ,riq
822 2488 900 2529 ςτῄ
928 2495 1034 2528 τωωρ
1040 2484 1080 2527 ία,
1108 2480 1171 2514 cfr.
1201 2480 1291 2513 Plat.
1318 2478 1415 2515 P10t
1436 2474 1553 2512 323¹).

383 2549 468 2590 lOa)
494 2544 648 2579 Videtur
675 2543 838 2587 quaestio
878 2552 956 2576 esse
992 2540 1255 2584 sophistaium,
1294 2537 1351 2571 cui
1387 2534 1549 2570 concedit
1573 2533 1692 2568 Philo-

260 2605 402 2649 demus3
429 2605 614 2649 sophistae
633 2614 710 2638 eam
725 2602 954 2646 protulerunt
972 2600 1007 2633 in
1022 2598 1254 2643 philosophos
1271 2595 1483 2630 iudiciorum
1496 2592 1692 2636 imperitos.

385 2665 442 2708 ll)
469 2663 535 2699 cfr.
563 2663 628 2697 col.
657 2662 776 2696 XXIX
805 2664 856 2695 10.

386 2726 442 2767 12)
470 2723 536 2756 col.
564 2722 683 2756 XXVI
701 2724 720 2755 5
740 2731 817 2763 sqq.

386 2784 444 2825 13)
469 2781 534 2815 cfr.
554 2781 663 2815 Isocr.
689 2780 725 2813 in
744 2779 893 2822 sophist.
914 2779 991 2819 291,
1020 2776 1089 2810 Cic.
1109 2774 1131 2808 d
1159 2775 1227 2808 inv,
1247 2774 1263 2806 I
1278 2776 1310 2814 4,
1326 2774 1357 2815 5,
1385 2771 1532 2805 Lucian.
1558 2770 1694 2804 rhetor.

264 2844 446 2885 praecept.
475 2843 510 2885 (3
524 2854 531 2884 3
559 2841 605 2884 9).
