1955 3298
890 281 942 323 21

202 395 319 451 quod
351 397 421 438 est
458 394 539 447 „sig
571 395 693 436 ἄλλον
731 396 978 451 καιρό“κ“““ἢ,
1021 396 1228 439 continuo
1271 400 1526 452 sequentem
1565 396 1639 438 de-

203 464 355 520 signat
386 464 562 506 librum.
604 464 899 520 Opponuntur
933 466 1044 507 enim
1077 465 1155 507 illa
1188 466 1385 521 verba‘ffi)
1419 467 1493 517 eis,
1527 480 1639 521 quae

202 536 329 576 sunt:
373 532 591 589 ῥητορικῆς
630 534 855 589 διδάγματα
888 560 941 564 —
974 533 1018 576 oi)
1058 534 1371 591 χρησιμώειΜ).
1434 535 1638 576 Nondum

202 603 259 646 ad
290 603 418 644 finem
451 602 694 658 perducere
728 617 958 658 possumus
990 604 1069 646 has
1103 605 1396 660 quaestiones,
1433 603 1639 660 quoniam

201 672 345 714 totius
379 671 525 728 operis
558 672 917 727 compositionem
950 676 1189 728 penetrare
1228 689 1313 715 non
1355 673 1636 729 suscepimus.

203 741 355 784 Simile
399 741 543 796 igitur
586 741 768 783 Videtur
810 757 905 784 esse
950 746 1256 798 argumentum
1301 743 1404 784 libri
1440 743 1480 784 V
1521 742 1637 783 libro

202 811 292 864 IV,
340 811 693 867 quandoquidem
738 811 783 852 in
825 814 1017 867 utroque
1061 812 1346 868 philosophus
1391 812 1637 868 Epicureus

202 880 410 922 rhetores
443 880 608 923 aetatis
644 895 747 923 suae
779 881 1024 937 vituperat.
1086 882 1152 923 Atv
1185 882 1228 922 in
1260 882 1374 923 libro
1407 882 1448 923 V
1491 883 1555 923 (et
1594 880 1639 921 in

201 949 320 992 libro
343 950 411 992 IV
442 950 619 1004 ultimo)
651 950 805 992 laudes
840 966 991 993 eorum
1022 951 1275 1006 discerpere
1307 966 1403 993 eum
1435 950 1638 1001 vidimus,

203 1020 250 1061 in
279 1019 396 1061 libro
430 1023 578 1062 autem
605 1020 672 1061 IV
704 1034 791 1061 non
824 1024 914 1062 tam
947 1020 1100 1062 laudes
1135 1035 1297 1062 eorum.
1331 1034 1460 1076 quam
1491 1021 1638 1061 certos

204 1089 417 1146 quosdam
448 1089 568 1131 locos
606 1089 744 1145 ipsius
789 1090 903 1132 artis
949 1093 1150 1132 tractare
1195 1105 1291 1132 eum
1335 1103 1470 1144 supra
1513 1090 1639 1129 nota-

205 1159 346 1201 vimus
363 1159 428 1205 85).
490 1159 645 1214 Neque
692 1174 799 1201 vero
844 1159 889 1200 in
935 1159 1010 1211 eis.
1058 1174 1169 1215 quae
1214 1161 1395 1201 servata
1440 1160 1544 1199 sunt
1587 1172 1640 1199 ex

204 1229 320 1271 libro
348 1229 428 1278 TV,
463 1232 607 1270 artem
641 1229 1075 1284 technographorum
1107 1255 1161 1258 —
1192 1229 1367 1270 libellos
1400 1228 1511 1270 istos
1544 1226 1640 1268 rhe-

205 1301 355 1340 torum
390 1326 441 1330 —-
475 1298 679 1354 deinceps
710 1299 1010 1354 persequitur.
1055 1298 1143 1341 Sub
1175 1299 1303 1339 finem
1336 1298 1504 1340 demum
1535 1295 1641 1336 libri

206 1368 274 1410 IV
306 1368 453 1409 intrat.
484 1368 529 1408 in
562 1368 654 1409 tale
687 1368 855 1423 aliquid
870 1368 932 1422 Ἣ.
967 1367 1199 1409 iudicando
1233 1367 1284 1409 de
1306 1381 1468 1422 genere
1491 1379 1641 1407 eorum

208 1437 565 1479 demonstrativo
599 1440 733 1492 atque
766 1437 1004 1479 asserendo
1038 1452 1084 1478 se
1116 1437 1168 1478 de
1200 1436 1436 1491 generibus
1479 1434 1643 1476 delibe-

210 1507 361 1549 rativo
395 1509 441 1549 et
472 1506 671 1548 iudiciali
698 1507 805 1548 alibi
827 1507 999 1562 plenius
1023 1510 1226 1548 acturum
1241 1505 1290 1560 87)
1313 1520 1428 1554 esse3
1462 1503 1642 1545 videtur

207 1576 396 1619 addere:
442 1579 513 1618 καὶ
553 1579 628 1631 γὰρ
672 1574 736 1617 ὑπ’
781 1576 943 1618 ἐκείνων
988 1576 1303 1631 ἀδολεσχότερον
1335 1575 1418 1615 ἐκεῖ
1450 1573 1641 1614 παλιλλο-

207 1653 349 1699 γεῖται.
395 1646 537 1701 Atqui
568 1646 643 1687 ubi
675 1645 991 1701 ἀδολεσχότερον
1022 1647 1200 1697 λέγουσιν
1233 1644 1305 1685 vel
1337 1644 1642 1694 παλιλλογοῦσιν

209 1714 245 1756 οἱ
278 1718 460 1772 σοφισταί
504 1714 556 1756 de
599 1714 835 1769 generibus
880 1713 1012 1756 istis?
1074 1714 1188 1755 Sane
1231 1713 1276 1754 in
1317 1711 1481 1753 libellis
1525 1709 1641 1760 istis,

208 1785 365 1839 quibus
409 1784 586 1826 nomina
636 1783 859 1836 „artibus“
909 1786 1024 1826 sunt.
1106 1782 1441 1824 Ratiocinamur
1484 1779 1640 1834 igitur,

209 1853 414 1909 quoniam
446 1853 554 1894 alibi
585 1853 732 1909 capita
755 1852 969 1908 quaedam
991 1852 1269 1894 adumbrant.
1303 1865 1413 1906 qua-e
1436 1850 1481 1890 in
1506 1847 1642 1901 „arti-

210 1924 316 1965 13115α
371 1922 545 1977 longius
599 1925 866 1978 repetuntur
925 1920 1282 1975 (παλιλλογεῖται),
1353 1934 1440 1961 non
1503 1917 1643 1959 solum

209 1995 365 2035 tenues
399 1996 523 2034 artes
556 1993 748 2048 scriptas
782 2007 877 2033 esse
909 2006 934 2033 a
967 1991 1190 2047 sophistis,
1233 1989 1308 2045 qui
1339 1988 1511 2044 quidem
1543 1985 1645 2027 illu-

211 2062 401 2104 striores
433 2061 615 2113 fuerint,
650 2061 727 2103 sed
759 2061 999 2116 explanata
1031 2075 1201 2116 quoque
1233 2074 1327 2101 esse
1359 2056 1540 2113 propria
1573 2070 1644 2096 ex-

210 2131 431 2188 positione
474 2146 627 2186 genus,
674 2130 877 2173 officium.
926 2131 1053 2172 finem
1096 2129 1231 2180 artis;
1282 2128 1487 2169 habemus
1531 2124 1645 2166 enim

211 2201 342 2242 huius
375 2201 442 2242 rei
474 2200 668 2255 vestigia
700 2202 745 2241 et¹
777 2200 878 2241 alia.
912 2200 991 2241 cfr.
1026 2199 1112 2241 Cic.
1146 2199 1186 2239 d.
1218 2198 1306 2239 inv.
1339 2197 1360 2237 I
1394 2195 1494 2247 7.9;
1539 2192 1643 2235 ibid.

211 2271 250 2321 4,
272 2272 318 2324 ὃς
369 2273 484 2312 auct.
519 2269 574 2311 ad
606 2270 814 2319 Herenn.‚
862 2284 972 2325 quae
1005 2269 1113 2310 dicit
1147 2268 1169 2309 l
1190 2268 1210 2308 1
1257 2266 1309 2307 de
1352 2264 1469 2306 inani
1506 2262 1645 2308 ¹adro-

211 2340 368 2395 gantia
398 2339 667 2395 scriptorum
693 2338 985 2391 Graecorum3
1020 2338 1138 2379 inter
1168 2335 1466 2392 posteriorum
1497 2334 1645 2373 autem

212 2409 443 2452 rhetorum
476 2409 645 2464 scripta
677 2408 758 2463 (ed.
794 2408 942 2462 KValz)
974 2422 1061 2448 non
1097 2406 1224 2462 pauci
1264 2403 1552 2446 inveniuntur
1592 2400 1645 2441 li-

333 2550 394 2590 82)
421 2546 500 2580 vide
530 2547 596 2580 vol.
619 2548 629 2579 1
658 2558 690 2590 p.
711 2548 855 2587 223,21.

331 2609 391 2647 53)
418 2606 503 2640 ibid.
531 2607 553 2639 l.
576 2608 721 2639 1÷›-23.

333 2667 394 2709 54)
420 2665 505 2699 ibid.
534 2665 555 2698 l.
577 2668 595 2698 7
611 2676 687 2707 sqq.

334 2728 394 2768 ⁸5)
422 2724 485 2758 cfr.
500 2724 702 2760 introitum
729 2727 900 2756 nostrum.

334 2786 392 2827 86)
421 2783 500 2817 vide
527 2783 594 2815 vol.
618 2784 627 2815 l
655 2794 687 2825 p.
707 2784 774 2815 212
790 2791 866 2823 sqq.

334 2845 394 2886 07)
422 2841 489 2876 vid.
517 2841 601 2875 ibid.
629 2842 649 2874 l.
670 2844 782 2883 4Sqq.
