1955 3298
880 270 934 310 27

197 391 478 441 καταφρονεῖν,
511 387 611 438 πρὸς
643 385 675 424 δ”
710 384 911 440 ἀλήθειαν
944 394 1154 441 παρορμᾶν
1186 390 1231 427 et
1255 386 1390 427 Stoici
1417 386 1632 442 sapientis

197 453 271 496 vel
300 453 489 509 primum
523 453 695 507 Signum
728 458 989 509 posceretur
1020 455 1100 497 hoc
1114 455 1166 509 4):
1210 456 1265 495 ἔτι
1296 471 1335 496 τε
1368 459 1422 511 μὴ
1457 457 1634 503 δοξάσειν

196 526 262 565 τὸν
316 526 458 580 σοφόν,
516 526 692 564 τουτέστι
748 525 884 578 ψευδεῖ
939 528 994 580 μὴ
1042 528 1436 579 σο·,”ιιαταθήσεσῦαι
1482 526 1632 581 μηδενί.

198 591 264 633 At
295 591 403 634 haec
435 592 532 634 fere
562 591 660 647 ipsa
692 606 766 633 ars
800 592 1043 648 sophistica
1076 593 1324 649 antiquitus
1367 597 1478 646 erat,
1524 594 1634 635 nihil

197 660 297 702 veri
315 675 568 715 agnoscere,
603 660 679 702 sed
712 660 938 716 opiniones
973 665 1107 717 atque
1134 676 1261 703 sensa
1292 662 1634 718 uniuscuiusque

198 732 427 786 tamquam
459 745 568 772 vera
599 733 735 786 atque
767 745 934 772 summa
966 731 1009 772 in
1041 731 1208 773 caelum
1233 731 1457 774 attollere.
1510 732 1634 773 Hanc

198 800 252 842 ob
296 813 495 852 causam,
544 800 750 855 quoniam
794 814 868 842 ars
900 801 1127 843 rhetorica
1157 801 1502 843 instrumentum
1534 803 1635 843 erat

198 867 381 911 illust-re
403 869 674 925 sophisticae
703 869 830 920 artis,
864 869 1142 912 discordiam.
1177 885 1287 925 quae
1321 870 1454 911 etiam
1476 872 1634 925 postea

198 937 287 979 fuit
334 937 454 979 inter
499 937 825 994 philosophiam
873 943 918 981 et
964 938 1253 981 rhetoricam.
1307 954 1444 994 paene
1489 941 1634 980 totam

198 1021 225 1048 a
256 1006 446 1049 Platone
488 1007 576 1049 iam
624 1008 798 1050 saeculo
845 1011 948 1050 ante
982 1008 1085 1050 Chr.
1118 1023 1157 1048 n.
1192 1008 1272 1059 IV,
1320 1010 1533 1063 quantum
1579 1007 1635 1049 ad

198 1076 420 1132 principia
451 1077 632 1129 attinet,
666 1077 976 1120 adumbratam
1008 1093 1103 1119 csse
1135 1078 1367 1128 cernimus,
1399 1077 1634 1132 praecipue

203 1144 426 1201 ‚7Gorgia“
478 1148 524 1188 et
573 1146 829 1198 „Phaedro“
885 1147 1096 1201 dialogis.
1151 1161 1278 1202 quem
1328 1145 1635 1201 philosophum

201 1214 357 1257 Cicero
404 1230 577 1271 quoque
627 1215 808 1268 „harum
860 1216 1213 1272 disputationum
1261 1215 1540 1256 inventorem
1591 1218 1635 1256 et

199 1284 470 1340 principem⁶⁶
506 1299 602 1327 esse
634 1286 700 1327 ait
713 1285 757 1339 5).
820 1286 997 1328 Etenim
1030 1288 1158 1326 vetus
1192 1283 1303 1326 illud
1337 1283 1636 1339 sophistarum

201 1354 483 1396 enuntiatum
529 1354 747 1410 scriptum
794 1356 992 1397 videmus
1039 1354 1083 1395 in
1125 1353 1329 1395 Phaedro
1375 1353 1516 1394 QGOA:
1563 1351 1636 1394 οὖν.

204 1422 304 1464 εἶναι
335 1422 514 1480 ἀνάγκην
546 1432 599 1477 τῷ
632 1426 818 1479 μέλλοντι
851 1423 987 1479 ῥήτορι
1018 1424 1189 1464 ἔσεσθαι
1221 1425 1269 1462 τὰ
1305 1429 1357 1475 τῷ
1390 1422 1467 1462 ὄντι
1500 1423 1636 1462 δίκαια

204 1492 439 1548 μανθάνειν,
488 1492 595 1533 ἀλλὰ
642 1496 691 1534 τὰ
736 1494 904 1540 δόξαντα
946 1502 991 1533 αν
1038 1494 1204 1546 πλήθει,
1251 1490 1363 1544 οἵπερ
1396 1491 1636 1543 δικάσουσιν,

201 1559 292 1602 οὔδε
324 1564 372 1602 τὰ
393 1562 518 1608 ὄντως
541 1562 685 1615 ἀγαθὰ
717 1561 888 1618 ἢκαλοὶ,
924 1561 1015 1603 ἀλλ’
1048 1560 1125 1602 ὅσα
1157 1561 1281 1607 δόξει·
1317 1558 1362 1600 ἐν.
1384 1562 1459 1613 γὰρ
1492 1562 1636 1600 τούτων

202 1629 303 1671 εἶναι
350 1634 393 1672 τὸ
433 1633 602 1679 πείθειν,
650 1628 739 1672 ἀλλ’
789 1631 863 1673 οὐκ
910 1631 957 1672 ἐκ
998 1638 1071 1686 τῆς
1111 1630 1327 1684 ἀληθείας.
1388 1628 1511 1669 Hanc
1545 1642 1638 1670 rem

202 1699 304 1741 inde
347 1714 372 1740 a
403 1699 593 1742 Platone
622 1716 702 1756 per
737 1701 881 1742 onmia
913 1699 1143 1741 rhetorum
1185 1701 1415 1739 oratorum
1446 1696 1639 1752 philoso-

201 1768 391 1824 phorum
439 1769 609 1825 scripta
650 1772 935 1825 persecutum
985 1768 1175 1824 aliquem
1225 1766 1377 1808 multis
1428 1765 1638 1821 exemplis

203 1838 616 1880 demonstraturum
648 1853 756 1889 esse,
791 1838 946 1894 quibus
978 1836 1228 1879 rationibus
1261 1834 1498 1877 discrimen
1528 1834 1640 1875 illud

202 1915 278 1948 τῶν
311 1908 435 1958 δοξῶν
473 1910 519 1949 et
551 1916 623 1948 τῶν
663 1907 753 1949 κατ’
784 1902 987 1963 ἆ)»ἰ’]θεια“κ
1027 1907 1144 1948 ὄντων
1187 1904 1303 1947 omni
1341 1906 1541 1959 tempore
1573 1917 1639 1945 re-

202 1976 398 2032 petitum
418 1977 479 2019 sit
501 1977 546 2018 in
563 1992 701 2019 arena
721 1976 1088 2033 philosophorum
1111 1978 1439 2028 oratorumque,
1464 1971 1640 2027 experti
1663 1965 1667 1968 ’

203 2061 284 2088 nos
317 2048 609 2089 autumamus.
673 2046 818 2088 Multa
864 2061 917 2087 ex
950 2044 1174 2087 Ciceronis
1217 2042 1422 2099 operibus
1466 2040 1658 2082 hauriri‘

204 2120 414 2172 possunt:
449 2119 584 2173 atque
617 2117 818 2158 videmur
861 2115 985 2157 nobis
1027 2115 1123 2156 iure
1171 2113 1279 2155 duas
1322 2126 1392 2153 res
1426 2111 1640 2152 denotare

207 2185 405 2228 fortasse
427 2186 733 2242 gravissimas,
769 2200 876 2242 quas
907 2184 1209 2226 existimamus
1234 2182 1344 2224 satis
1368 2178 1642 2234 significatas

206 2255 348 2297 adhuc
391 2271 478 2298 non
522 2271 629 2298 esse.
705 2255 860 2297 Cicero
908 2253 1021 2295 enim
1064 2253 1242 2308 profert
1283 2251 1494 2306 paradox.
1540 2265 1644 2305 pro-

207 2339 316 2366 oem.
349 2326 393 2366 ⁶2:
441 2341 544 2378 „nos
577 2339 627 2367 ea
657 2323 938 2381 philosophia
968 2323 1068 2378 plus
1101 2321 1280 2363 utimur.
1325 2334 1435 2375 quae
1465 2319 1644 2376 peperit

208 2393 383 2436 dicendi
414 2395 594 2450 copiam,
631 2398 676 2436 et
709 2394 753 2435 in
777 2408 862 2449 qua
885 2393 1094 2434 dicuntur
1118 2405 1179 2443 ea,
1214 2404 1325 2445 quae
1346 2404 1433 2430 non
1455 2388 1643 2430 multum

207 2463 467 2520 discrepant
499 2465 553 2506 ab
587 2464 790 2520 opinione
816 2461 1043 2518 populari;
1082 2460 1193 2502 Cato
1221 2462 1380 2509 autem,
1412 2458 1641 2514 perfectus

208 2548 306 2575 mea
353 2533 578 2576 sententia
618 2533 815 2584 Stoicus,
862 2534 907 2573 et
953 2545 1003 2572 ea
1048 2529 1208 2579 sentit,
1255 2542 1366 2583 quae
1409 2542 1496 2569 non
1540 2540 1643 2569 sane

208 2605 461 2658 probantur
493 2604 539 2645 in
566 2603 740 2657 vulgus,
775 2604 820 2643 et
851 2601 895 2642 in
929 2614 979 2642 ea
1011 2602 1080 2641 est
1111 2598 1298 2650 haeresi,
1333 2611 1443 2652 quae
1473 2594 1644 2637 nullum

330 2785 367 2825 4)
394 2781 458 2815 cfr.
488 2781 589 2823 Diog.
621 2781 658 2813 L.
685 2779 840 2812 V11121.

331 2844 369 2885 5)
396 2840 460 2874 cfr.
487 2839 519 2873 d.
548 2839 635 2874 or.1
665 2841 717 2880 11,
744 2840 798 2870 47.
