1955 3298
778 845 998 899 Vita.

278 1025 425 1068 Natus
459 1041 554 1069 sum
596 1026 915 1071 Guilelmus
957 1025 1353 1070 Schneidewin
1393 1041 1431 1069 a.
1465 1028 1505 1070 d.
1537 1028 1607 1071 IV

160 1093 266 1136 Kal.
301 1094 423 1151 Sept.
456 1096 560 1138 anni
592 1096 792 1140 MDCCC
814 1096 1039 1139 LXXXII
1070 1096 1312 1139 Hameloae
1342 1097 1606 1152 parentibus

162 1163 466 1208 Maximiliano
533 1168 581 1208 et
639 1166 850 1209 Adolfina
901 1166 1098 1209 familiae
1148 1166 1288 1208 Koch.
1371 1165 1608 1221 Gymnasii

160 1233 310 1275 nostri
351 1233 631 1291 disciplinam
680 1239 917 1292 postquam
959 1235 1154 1288 absolvi,
1198 1235 1389 1292 primum
1431 1236 1605 1292 quidem

161 1301 440 1345 Monachium
471 1319 539 1365 me
572 1305 742 1347 contuli
772 1305 944 1347 litteris
973 1305 1167 1361 antiquis
1202 1305 1383 1347 studere
1414 1307 1606 1347 terram-

159 1386 245 1427 que
285 1371 476 1415 alienam
514 1389 699 1417 noscere
730 1375 924 1431 cupiens.
986 1374 1058 1416 Ibi
1089 1374 1241 1417 audivi
1271 1374 1393 1417 viros
1434 1374 1605 1417 nobiles

160 1440 421 1483 Eduardum
452 1442 505 1485 de
537 1443 872 1497 Woelfflin,
919 1444 992 1487 JV,
1026 1444 1079 1486 de
1120 1444 1389 1495 Mueller,
1435 1443 1606 1487 Guilel-

159 1525 276 1552 mum
299 1511 352 1553 de
385 1511 580 1565 Christ,
612 1528 693 1555 nec
713 1529 801 1556 non
823 1514 1125 1556 Hermannum
1157 1513 1305 1565 Paul,
1340 1512 1385 1554 C.
1420 1513 1463 1553 K
1476 1527 1605 1553 rum-

161 1581 188 1621 b
201 1594 227 1622 a
239 1580 299 1622 ch
311 1595 334 1622 e
348 1596 371 1622 r
385 1615 392 1634 ,
436 1581 486 1622 L.
519 1582 555 1624 T
570 1598 593 1624 r
605 1596 631 1624 a
643 1598 669 1623 u
682 1584 708 1624 b
722 1597 756 1624 e.
818 1582 931 1625 Post
962 1583 1046 1624 duo
1080 1582 1314 1624 semestria
1344 1581 1604 1623 Berolinum

161 1649 390 1705 profectus
408 1650 581 1693 scholas
604 1651 890 1707 frequentavi
908 1651 1109 1694 Udalrici
1126 1651 1179 1693 de
1201 1651 1310 1692 Wil
1324 1664 1400 1692 am
1411 1665 1434 1692 o
1448 1650 1513 1693 wi
1526 1652 1547 1692 t
1558 1666 1603 1691 z-

160 1718 582 1762 Moellendorff
630 1723 676 1762 et
720 1720 966 1762 Hermanni
1015 1720 1198 1772 Diels,
1252 1719 1450 1761 virorum
1500 1718 1602 1759 illu-

162 1788 510 1842 strissimorum;
563 1789 716 1832 audivi
766 1790 796 1832 J
800 1789 1014 1832 ohannem
1065 1788 1107 1830 V
1117 1803 1142 1830 a
1155 1788 1247 1831 hle
1258 1804 1287 1829 n
1300 1822 1309 1840 ,
1360 1788 1601 1830 Ricardum

160 1857 204 1899 H
218 1858 341 1900 einz
354 1874 389 1900 e.
455 1859 567 1900 Post
598 1859 682 1901 duo
715 1857 951 1901 semestria
981 1857 1242 1913 Gottingae,
1275 1870 1386 1912 quae
1416 1856 1601 1898 maxime

160 1927 366 1969 Berolini
408 1927 683 1970 inflammata
714 1931 857 1979 erant,
893 1927 1043 1969 studia
1073 1929 1231 1969 nostra
1269 1926 1483 1968 foverunt
1513 1925 1602 1967 viri

162 1995 409 2039 doctissimi
439 1997 696 2039 Fridericus
729 1997 765 2038 L
778 2012 800 2039 e
813 2012 835 2039 o
850 2031 858 2050 ,
897 1996 1134 2038 Eduardus
1167 1996 1197 2038 S
1209 2010 1231 2037 c
1242 1994 1269 2036 h
1279 2010 1321 2038 W
1333 2009 1359 2037 a
1371 2009 1394 2036 r
1406 1996 1427 2037 t
1437 2011 1483 2047 Ζ,
1525 1995 1555 2037 J
1558 2008 1601 2036 a·

160 2066 296 2107 cobus
328 2066 773 2122 Wackernagel,
807 2066 1028 2121 Georgius
1060 2066 1097 2107 B
1113 2064 1280 2107 usolt.
1355 2063 1524 2106 Audivi
1556 2068 1602 2107 et

160 2134 273 2177 alios
292 2135 414 2177 viros
437 2135 734 2178 doctissimos:
769 2135 824 2177 M.
855 2136 891 2177 L
905 2135 1152 2187 ehmann,
1187 2134 1239 2177 Gr.
1262 2134 1313 2176 E.
1346 2132 1600 2186 Mueller,

161 2203 218 2245 M.
268 2204 485 2259 Heyne,
535 2204 582 2248 C.
629 2205 867 2257 Brandi‚
915 2205 967 2246 E.
1017 2203 1275 2246 Husserl.
1356 2202 1601 2243 Plurimum

159 2276 312 2315 autem
341 2273 386 2315 in
408 2273 580 2317 litteris
605 2274 789 2317 Graecis
812 2274 1111 2329 Romanisque
1143 2271 1391 2328 consumpsi
1412 2274 1599 2326 tempus,

162 2343 321 2398 quibus
367 2343 454 2385 iam
501 2359 611 2400 puer
663 2344 866 2399 omnique
913 2346 1114 2398 tempore
1163 2341 1376 2397 privatim
1422 2354 1600 2396 operam

162 2412 274 2454 dedi.
336 2412 407 2454 Ex
436 2413 658 2456 mensibus
697 2412 765 2455 his
797 2412 894 2455 fere
925 2413 1039 2454 XIX
1081 2411 1261 2454 eandem
1299 2409 1498 2452 incudem
1529 2411 1600 2451 tu-

161 2481 278 2535 tudi;
312 2496 396 2538 quo
430 2482 575 2538 spatio
609 2482 769 2525 studiis
802 2497 869 2524 me
900 2481 1000 2523 dedi
1031 2479 1394 2537 philosophorum
1425 2481 1470 2521 et
1500 2478 1600 2520 rhe-

161 2552 311 2592 torum
342 2554 659 2607 oratorumque
692 2554 907 2593 veterum.

397 2646 652 2690 Scribebam
684 2661 721 2689 a.
754 2647 793 2688 d.
827 2647 850 2687 I
882 2645 996 2687 Non.
1029 2645 1159 2687 Febr.
1192 2642 1379 2686 MCMV.
