1955 3298
1001 266 1056 307 46

313 385 497 439 ..Itaque
529 382 634 423 mihi
667 397 753 423 non
787 381 897 423 satis
930 380 1142 423 videmini
1181 380 1478 434 considerare,
1512 383 1628 438 quod
1657 383 1750 426 iter

309 454 368 495 sit
400 456 588 494 naturae
621 442 818 506 quaeque
850 450 1123 506 progressio.
1157 476 1213 480 —-
1245 450 1428 507 Semper
1471 452 1585 494 enim
1625 467 1749 494 assu-

306 523 387 564 mit
433 520 614 576 aliquid,
662 524 711 561 ut
758 534 820 572 ea,
869 534 981 575 quae
1027 520 1172 575 prima
1215 520 1404 573 dederit,
1454 535 1508 562 ne
1552 521 1747 564 deserat.

305 592 466 647 itaque
500 590 700 631 sensibus
733 589 953 631 rationem
998 589 1223 643 adiunxit3
1273 594 1318 632 et
1364 589 1541 632 ratione
1587 591 1750 633 effecta

306 674 458 702 sensus
491 674 577 700 non
608 658 866 714 relinquit··'.
930 658 1002 701 Sic
1034 658 1176 701 Stoici
1216 675 1349 700 unum
1391 662 1526 716 atque
1558 659 1604 701 id
1635 675 1748 702 sum-

304 745 405 772 num
438 730 597 771 bonum
629 728 675 770 in
707 728 800 770 solo
834 727 978 770 animo
1012 731 1058 770 et
1090 729 1135 770 in
1168 728 1263 771 sola
1297 728 1471 772 virtute
1512 730 1747 783 locabant;

305 799 576 856 separabant
606 797 748 852 igitur
781 812 966 853 prorsus
1000 798 1131 854 ἀρχήν
1173 801 1218 840 et
1250 800 1374 845 τέλος.
1438 798 1610 841 Contra
1640 798 1747 855 Epi-

305 884 435 911 curus
470 867 598 909 docet
628 866 796 922 hoe⁴⁶):
836 869 906 908 καὶ
936 868 1005 908 διὰ
1038 874 1152 909 τοῦτο
1184 871 1252 924 τὴν
1284 867 1432 925 ἡδονὴν
1464 868 1628 925 ἀρχὴν
1660 871 1750 910 καὶ

304 940 454 985 τέλος
486 939 656 992 λέγομεν
691 935 791 977 εἶναι
822 943 888 977 τοῦ
930 941 1144 992 μακαρίως
1192 937 1342 994 Qu).
1405 937 1477 979 Sic
1522 953 1654 979 unum
1701 940 1749 980 et

305 1022 516 1050 summum
548 1008 708 1049 bonum
741 1008 934 1062 ponebat
966 1006 1011 1048 in
1042 1007 1185 1049 initiis
1217 1009 1421 1058 naturae⁷
1454 1007 1496 1049 h.
1528 1022 1563 1049 e.
1595 1007 1641 1048 in
1672 1021 1750 1049 vo-

303 1078 492 1133 luptate.
547 1076 642 1118 Cfr.
669 1076 781 1117 enim
813 1075 1008 1131 haee⁴8):
1043 1076 1245 1124 ἀποδείξει
1277 1077 1320 1117 δὲ
1351 1084 1500 1132 χρῆται
1531 1082 1599 1118 τοῦ
1631 1078 1748 1124 τέλος

305 1146 403 1188 εἶναι
449 1149 517 1201 τὴν
564 1145 711 1202 ἡδονὴν
759 1153 813 1200 τῷ
862 1148 910 1186 τὰ
960 1147 1044 1200 ζῷα
1092 1144 1178 1201 ἅμα
1227 1153 1280 1200 τῷ
1322 1148 1566 1202 γεννηθῆναι
1596 1153 1643 1201 τῇ
1676 1148 1749 1201 μὲν

306 1214 627 1271 εὐαρεστεῖσθαι,
675 1223 729 1270 τῷ
781 1216 823 1256 δέ
868 1219 973 1270 πόνῳ
1014 1217 1274 1270 προσκρουειν
1309 1223 1489 1272 φυσικῶς
1521 1218 1590 1256 καὶ
1620 1218 1749 1271 χῶρίς

302 1287 436 1339 λόγου.
526 1285 731 1327 Hominis
778 1285 891 1327 enim
938 1290 1103 1327 natura
1152 1299 1326 1340 semper
1372 1287 1492 1326 amat
1540 1287 1585 1326 et
1628 1284 1750 1340 petit

302 1355 447 1411 prima
477 1354 718 1407 naturalia,
753 1369 864 1410 quae
896 1369 922 1396 a
954 1354 1116 1396 Stoicis
1149 1354 1281 1410 parvi
1313 1354 1623 1396 aestimantur.

417 1424 702 1466 Philodemus
749 1424 892 1479 igitur
939 1423 984 1465 in
1034 1423 1114 1467 col.
1162 1423 1251 1465 XX
1283 1425 1338 1465 25
1356 1439 1449 1479 sqq.
1501 1423 1749 1479 protulisse

303 1494 504 1536 videtur:
551 1497 599 1535 τα
643 1497 713 1549 μὲν
755 1492 848 1549 γα[ρ
888 1494 1044 1548 τελικὰ]
1079 1493 1222 1547 ἀγαθὰ
1253 1492 1340 1548 mast
1374 1491 1565 1550 π]ρ[ῶτ]α
1595 1492 1749 1535 eadem

303 1564 463 1607 sentiri
494 1563 769 1620 philosophis
804 1563 1035 1619 Epicureis
1076 1566 1121 1605 et
1160 1563 1431 1616 hominibus3
1479 1565 1656 1604 tantum
1701 1562 1749 1604 id

301 1634 520 1676 interesse
552 1634 672 1675 inter
703 1633 806 1675 illos
839 1635 884 1675 et
915 1632 1215 1688 philosophos⁷
1249 1635 1301 1674 ut
1325 1665 1332 1673 .
1355 1666 1362 1674 .
1383 1666 1391 1674 .
1436 1631 1607 1674 Deinde
1626 1631 1748 1687 lege·

303 1718 451 1746 ramus
486 1703 565 1745 eol.
599 1703 712 1744 XXI
737 1703 790 1744 10
809 1717 925 1758 sqq.:
974 1704 1270 1759 παραπλησὶῶς
1313 1703 1355 1743 δὲ
1393 1705 1462 1743 καὶ
1494 1701 1747 1744 consentire

300 1773 587 1830 philosophos
621 1788 716 1815 oum
747 1772 971 1814 hominum
1004 1772 1283 1828 opinionibus
1318 1773 1502 1827 excepto
1532 1785 1596 1823 eo,
1629 1770 1747 1826 quod

401 1843 603 1885 Tertium
637 1842 728 1885 tale
762 1843 978 1898 seriptum
1009 1841 1209 1884 videmus
1242 1841 1287 1882 in
1318 1841 1484 1883 ineunt.
1516 1840 1596 1882 col.
1614 1840 1743 1882 XXI.

298 1913 368 1955 Ibi
401 1928 496 1955 cum
528 1912 554 1953 1.
579 1913 715 1968 3sqq.
748 1916 976 1954 teneamus
1011 1912 1254 1953 membrum
1293 1910 1397 1953 hoc:
1443 1913 1491 1951 τὰ
1538 1911 1581 1951 δέ
1627 1925 1746 1966 ποιη-

301 1986 394 2024 τικόι1
426 1991 502 2023 τῶν
535 1983 658 2023 τελῶν
692 1980 735 2022 οὒ
770 1979 895 2022 ταυτα
927 1988 1011 2028 τοῖς
1043 1983 1213 2028 πολλοῖς
1246 1980 1346 2022 εἶναι
1374 1981 1605 2028 δοξάζουσιν
1632 1979 1743 2035 (scil.

299 2051 335 2094 οἱ
367 2055 467 2094 καθι
501 2051 612 2108 ἡμᾶς
646 2051 987 2108 φιλοσοφοῦντες),
1040 2049 1293 2106 supplemus
1342 2055 1476 2092 antea
1520 2049 1602 2091 hoo
1648 2049 1745 2091 fere

299 2123 563 2164 membrum:
602 2120 772 2162 Ἔπειτα
815 2121 857 2162 δέ
895 2129 1049 2175 πρῶτον
1092 2120 1251 2173 ἀγαθὸν
1294 2123 1364 2161 καὶ
1406 2121 1521 2167 τέλος
1561 2121 1746 2172 λέγουσιν

302 2191 400 2233 εἶναι
432 2195 500 2248 τὴν
532 2191 695 2248 ἡδονήν,
736 2194 800 2232 τὀν
833 2191 875 2231 δὲ
908 2194 1025 2232 πόνον
1058 2192 1173 2237 τέλος
1205 2198 1280 2231 τῶν
1312 2198 1463 2239 κακῶν,
1506 2189 1606 2230 ὥστε
1638 2190 1746 2230 κατὰ

302 2265 370 2317 τὴν
402 2270 474 2302 τῶν
517 2262 676 2302 πολλῶν
724 2261 842 2308 δόξαν
888 2263 1112 2316 νομίζουσιν
1160 2258 1234 2301 ουκ
1283 2259 1483 2317 ἀδιάφορα
1515 2284 1572 2289 --
1603 2259 1744 2314 (ταῦτα

301 2335 370 2386 μὲν
409 2330 445 2372 οἱ
478 2331 664 2385 Στωϊκοί)
698 2355 751 2360 -—
783 2333 831 2371 τα
877 2333 946 2386 τὴν
992 2338 1068 2371 τῶν
1116 2333 1280 2384 πρῶτων
1328 2328 1497 2382 ἀγαθῶν
1545 2328 1744 2384 ἐπέχοντα

299 2404 448 2456 χώραν.
510 2400 621 2442 Post
655 2400 859 2456 quoniam
890 2399 1064 2455 pergit:
1109 2402 1158 2440 τα
1203 2400 1246 2440 δὲ
1278 2402 1469 2455 ποιητικὰ
1512 2407 1585 2440 τῶν
1618 2399 1742 2439 τελῶν

299 2469 342 2511 οὔ
377 2468 494 2511 τουτα
527 2477 611 2517 τοῖς
643 2472 813 2517 πολλοῖς
846 2486 876 2511 ε.
911 2471 945 2510 δ.
980 2496 1047 2518 -,
1091 2469 1341 2512 sententiae
1381 2468 1511 2511 huius
1551 2482 1741 2510 momen-

298 2545 390 2580 tum
425 2539 613 2581 dandum
647 2543 716 2582 est
748 2539 977 2593 vocabulo,
1016 2539 1133 2595 quod
1164 2542 1235 2581 est
1267 2542 1313 2580 τὰ
1346 2542 1545 2594 ποιητικά.
1608 2537 1742 2580 Effiei

415 2705 474 2741 443)
502 2702 602 2744 Diog.
633 2703 672 2735 L.
701 2703 733 2735 X
753 2705 828 2736 128.

419 2764 474 2799 47)
503 2761 566 2794 cfr.
597 2772 738 2804 quoque
767 2762 914 2795 Lucian.
942 2762 1102 2795 Hermot.
1133 2764 1186 2795 313.
1216 2764 1269 2795 56.

416 2822 474 2853 45⁵
502 2820 605 2859 Βίας.
639 2821 673 2853 I..
703 2821 733 2853 X
757 2824 831 2854 137.
