1955 3298
965 229 1022 270 40

272 344 593 400 cognoscimus,
641 343 728 384 nisi
773 342 1143 398 praecedentibus
1188 358 1239 385 ac
1280 343 1462 387 ducibus
1495 346 1710 397 sensibus,

272 414 351 455 cfr.
375 413 418 454 in
441 412 570 467 Diog.
592 413 640 454 L.
665 413 708 453 X
730 411 757 453 1.
779 412 808 453 1.
832 411 1080 468 exemplum
1102 414 1344 469 προλήψεως
1365 413 1465 455 hoc:
1484 439 1539 443 —
1561 413 1643 456 οἷον
1666 418 1712 457 τὸ

274 483 459 524 Τοιοῦτόν
478 481 578 522 ἐστιν
602 481 821 536 ἄνθρωπος
837 494 844 502 ·
864 480 949 538 ἅμα
967 484 1043 536 γὰρ
1062 490 1130 523 τῶι
1147 480 1327 539 ῥηθῆναι
1344 482 1562 538 ἄνθρωπος
1585 482 1712 532 εὐθὺς

273 554 377 592 κατὰ
408 552 602 605 πρόληψιν
634 553 704 591 καὶ
736 549 756 592 ὁ
789 552 910 598 τυπος
942 549 1064 592 αὐτοῦ
1095 559 1245 593 νοεῖται
1286 557 1596 608 προηγουμένων
1635 561 1711 595 τῶν

272 619 515 676 αἰσθήσεων.
558 620 719 675 Itaque
746 622 894 662 mente
921 621 1152 676 concipere
1178 620 1340 676 aliqua,
1361 621 1479 677 [quae
1496 637 1581 664 non
1594 622 1711 665 refe-

270 690 432 730 runtur
452 688 507 730 ad
530 688 771 731 veritatem
796 704 1001 731 sensuum
1024 692 1159 746 atque
1189 690 1245 733 ad
1269 690 1550 747 voluptatem
1579 691 1636 747 (h.
1673 707 1710 734 e.

270 762 311 799 τό
334 757 476 812 τέλος),
499 757 627 799 nihili
648 760 718 800 est
741 773 762 801 e
785 757 992 801 doctrina
1010 759 1214 815 Epicuri:
1249 760 1329 801 cfr.
1350 760 1480 815 Diog.
1505 760 1554 802 L.
1569 761 1612 802 X
1628 761 1712 803 152

271 827 409 882 (Sent.
443 826 570 881 Sem:
622 827 722 881 ῃκᾶν
757 832 984 884 μεταπίπτῃ
1017 832 1059 870 τὸ
1092 832 1198 871 κατὰ
1230 833 1274 871 τὸ
1307 831 1459 871 δίκαιον
1492 835 1709 888 συμφέρον,

270 901 412 952 χρόνον
445 898 487 938 δέ
517 913 601 938 τινα
634 897 691 945 εἰς
722 901 791 954 τὴν
823 900 1019 954 πρόληψιν
1042 898 1279 955 ἐναρμόττῃ,
1313 898 1426 941 οὐδὲν
1452 899 1569 956 ἧττον
1602 899 1712 941 ἐκεῖ·

269 982 332 1008 νον
376 970 440 1008 τὀν
484 971 628 1022 χρόνον
672 966 719 1023 ἦν
765 968 918 1009 δίκαιον
964 975 1050 1015 τοῖς
1095 972 1150 1024 μὴ
1183 976 1323 1016 κεναῖς
1357 976 1511 1027 φωναῖς
1543 968 1711 1017 ἑαυτοὺς

268 1040 608 1091 συνταράττουσιν,
631 1036 722 1078 ἀλλ’
746 1036 803 1085 εἰς
826 1041 875 1079 τὰ
891 1037 940 1092 ²⁷)
964 1041 1183 1093 πράγματα
1207 1039 1416 1092 βλέπουσιν
1431 1037 1495 1091 28).
1530 1038 1711 1081 Etenim

267 1120 363 1147 cum
385 1105 480 1148 loco
512 1105 590 1148 illo
614 1106 898 1149 Philodemeo
930 1107 1154 1162 legamus:
1189 1111 1237 1149 τὰ
1269 1110 1466 1164 νοουμενα
1498 1111 1605 1150 κατὰ
1637 1111 1712 1156 τὰς

268 1177 520 1231 βλεπομένας
550 1178 773 1232 προλήψεις
805 1175 868 1218 ὑπ’
904 1175 1033 1218 αὒτῶν
1065 1178 1135 1232 (z
1159 1175 1233 1219 υπὸ
1256 1185 1330 1218 τῶν
1366 1178 1543 1232 πολλῶν)
1575 1178 1712 1220 δίκαια

270 1247 339 1286 καὶ
363 1246 486 1294 καλά,
508 1245 864 1302 interpretamur
879 1261 958 1288 nos
979 1246 1062 1288 sic:
1089 1245 1326 1288 secundum
1341 1248 1510 1288 rectam
1527 1247 1712 1303 Epicuri

268 1313 516 1357 doctrinam
540 1318 589 1356 τὰ
607 1316 709 1357 καθ’
730 1314 831 1357 αὐτὰ
852 1318 990 1358 δίκαια
1013 1319 1083 1357 καὶ
1100 1317 1210 1357 καλὰ
1231 1331 1318 1357 non
1342 1321 1446 1358 sunt
1468 1318 1712 1373 προλήψεις;

267 1399 408 1440 neque
452 1385 566 1427 enim
610 1389 657 1427 τὰ
699 1387 834 1428 δίκαια
866 1402 903 1427 κ.
937 1402 976 1428 κ.
1010 1387 1164 1434 ἔξωθεν
1197 1385 1322 1443 ἐφάνη
1357 1388 1600 1442 βλεπόμενα,
1635 1386 1711 1429 sed

267 1457 414 1496 status
461 1469 612 1496 rerum
653 1456 926 1512 tranquillus
973 1459 1019 1499 et
1063 1455 1258 1498 conditio
1307 1455 1530 1497 hominum
1571 1470 1712 1511 aequa

264 1523 468 1570 πολλάκις
500 1525 653 1572 ἔξωθεν
686 1524 810 1583 ἐφάνη
845 1527 1100 1581 βλεπόμενα,
1147 1525 1213 1566 ita
1246 1529 1298 1567 ut
1331 1525 1568 1566 secundum
1599 1524 1712 1568 hanc

265 1606 415 1633 rerum
447 1593 705 1649 imaginem,
751 1609 862 1650 quae
908 1594 952 1635 in
984 1595 1128 1636 animo
1163 1597 1265 1636 orta
1297 1598 1389 1648 est,
1432 1597 1579 1636 mente
1612 1609 1709 1636 con-

264 1667 394 1718 cepta
434 1663 495 1705 sit
533 1664 655 1706 notio
699 1671 765 1706 τοῦ
789 1666 958 1706 δικαίου.
1021 1664 1120 1707 Una
1151 1666 1301 1706 autem
1333 1679 1427 1706 cum
1460 1663 1710 1706 hominibus

265 1733 552 1789 philosophos
576 1733 820 1789 Epicureos
845 1734 1076 1776 affirmare
1107 1733 1172 1776 ait
1195 1733 1480 1776 Philodemus
1514 1737 1563 1775 τὰ
1594 1736 1711 1776 νοου-

266 1819 363 1859 μενα
395 1806 503 1845 κατὰ
534 1806 608 1851 τὰς
640 1807 891 1860 βιεπομένας
922 1805 1156 1860 προλήψεις.
1211 1804 1328 1846 Haec
1351 1803 1465 1845 enim
1497 1805 1710 1845 καθολικὰ

264 1875 382 1914 sunt.
445 1873 556 1914 Tum
598 1872 724 1916 addit
766 1874 868 1915 hoc:
916 1877 1036 1929 περὶ
1086 1875 1137 1915 δὲ
1178 1881 1273 1914 τῶν
1322 1874 1400 1921 εἰς
1442 1876 1532 1921 τὰς
1579 1889 1710 1928 προ-

264 1944 451 1999 λήψεις
509 1942 928 1999 ἐναρμοττόντων
986 1942 1322 1999 παραλλαττομεν
1381 1943 1459 1999 ἤδη
1511 1950 1583 1999 τῆς
1633 1951 1709 1983 τῶν

264 2013 422 2053 πολλῶν
461 2013 595 2068 δόξης.
659 2012 826 2055 Eadem
867 2014 1005 2055 verba
1047 2013 1175 2055 modo
1218 2013 1387 2069 scripta
1427 2011 1618 2054 vidimus
1663 2013 1709 2054 in

265 2082 500 2125 Sententia
531 2081 612 2124 illa
644 2082 829 2138 Epicuri
861 2082 1050 2125 Selecta.

381 2151 608 2204 Quomodo
647 2151 753 2194 haec
793 2151 1093 2208 explicemus?
1154 2150 1298 2192 Simili
1341 2150 1541 2193 fortasse
1580 2151 1709 2193 modo

264 2220 339 2272 eis,
383 2236 494 2277 quae
535 2221 580 2262 in
612 2222 810 2263 Arriano
853 2221 1051 2277 (diatrib.
1086 2220 1302 2277 Epictet.)
1342 2220 1370 2262 l.
1412 2220 1439 2262 l.
1481 2221 1707 2263 novimus:

265 2299 347 2338 πῶς
379 2291 651 2348 ἐφαρμοστέον
682 2294 754 2338 τὰς
785 2292 1008 2347 προλήψεις
1040 2298 1124 2338 τοῖς
1157 2290 1221 2332 ἐπὶ
1259 2294 1421 2346 μέρους.
1485 2290 1708 2346 Epicurus

264 2361 437 2415 quidem
482 2361 577 2417 ipse
620 2361 749 2403 iuvat
791 2376 870 2403 nos
924 2360 1222 2417 explicatione
1274 2359 1445 2415 hac'29):
1503 2360 1607 2401 ἔνθα
1651 2363 1708 2416 μὴ

264 2439 408 2472 καινῶν
449 2435 668 2486 γενομένων
711 2439 784 2472 τῶν
827 2434 1098 2486 περιεστώτων
1141 2433 1387 2486 πραγμάτων
1429 2429 1606 2486 ἀνεφάνη
1651 2432 1707 2485 μὴ

381 2610 439 2647 27)
471 2608 663 2642 secundum
691 2613 936 2643 correcturam
963 2608 1126 2642 Useneri.

384 2669 442 2707 2⁵)
472 2668 597 2712 βλέπειν
624 2668 769 2702 verbum
808 2672 862 2701 est
897 2668 941 2701 ab
969 2667 1159 2711 Epicureis
1196 2669 1429 2710 occupatum,
1469 2665 1536 2701 cfr.
1565 2676 1708 2708 quoque

266 2724 367 2765 Diog.
397 2726 434 2758 L.
464 2727 493 2758 X
526 2729 599 2760 136.

391 2787 449 2827 29)
477 2785 571 2818 Sent.
600 2786 668 2819 Sel.
696 2786 885 2819 XXXVIII
914 2786 1064 2829 (l'sen.),
1092 2785 1194 2828 Diog.
1224 2784 1263 2818 L.
1291 2783 1323 2817 X
1354 2786 1429 2818 153.
