1955 3298
906 262 960 303 63

217 403 310 430 „—‚
342 391 455 433 quae
484 391 539 419 ne
561 376 607 418 in
639 380 829 419 mentem
851 377 1026 432 quidem
1056 378 1181 421 venit
1202 378 1463 431 hominibus,
1496 380 1655 422 nedum

213 450 497 503 comparetur
529 446 759 489 curatione
788 447 1070 502 negotiorum
1102 448 1168 489 rei
1199 448 1399 503 publicae
1432 452 1478 491 et
1508 449 1657 491 multi-

213 515 360 559 tudini
401 516 588 558 maxime
635 515 942 559 salutarium.“
1007 515 1238 572 Εὐδαίμονα
1286 520 1368 572 βίον
1411 518 1544 560 etiam
1590 534 1655 561 so-

212 585 389 642 phistas
422 585 652 641 discipulis
684 585 951 642 promittere
984 600 1120 641 supra
1149 587 1502 629 memoravimus.
1566 587 1657 629 Cur

213 654 497 697 Philodemus
545 658 752 697 oratores
786 657 963 697 beatam
1013 655 1096 698 sibi
1142 670 1306 711 parare
1345 671 1474 712 posse
1516 657 1657 698 vitam

212 725 382 779 negat?
461 724 578 777 Quia
627 730 797 776 orator,
846 724 1022 767 etiamsi
1069 725 1139 767 vir
1186 726 1324 767 bonus
1371 725 1657 783 (ἀρετηιρόρος)

213 796 302 847 est,
349 794 424 836 ubi
467 809 566 836 eum
608 793 747 850 aliqui
778 794 1003 837 criminati
1047 797 1153 837 sunt
1182 794 1300 850 apud
1326 795 1557 851 populum,
1601 809 1657 837 ne

211 863 483 920 persuadere
508 863 683 919 quidem
714 864 898 919 poterit,
933 863 1036 920 quia.
1066 864 1154 905 iam
1186 879 1272 906 non
1303 863 1508 906 benevoli
1539 867 1655 917 sunt,

213 933 288 989 qui
319 933 529 985 audiunt,
578 947 628 975 ac
660 933 1011 989 periclitabitur.
1073 932 1146 975 οὐκ
1190 933 1236 974 ἂν
1281 933 1397 975 ἐλέου
1428 936 1498 975 καὶ
1541 941 1659 990 τιμῆς

212 1002 405 1059 τὺχοιἩ).
467 1002 628 1058 Pergit
659 1003 884 1058 explicare
918 1003 980 1045 sic
1011 1003 1123 1046 fere:
1160 1003 1330 1056 „Quid?
1390 1003 1485 1045 Hoc
1516 1002 1659 1045 adhuc

210 1086 491 1128 nequaquam
524 1073 636 1115 satis
658 1072 1038 1128 reprehendimus,
1071 1072 1271 1129 quamvis
1303 1072 1551 1128 proximum
1585 1072 1657 1125 sit,

210 1142 432 1185 virtutem
463 1142 689 1198 sophistas
725 1157 801 1184 ore
834 1142 1019 1192 iactare,
1052 1156 1164 1198 quae
1196 1156 1306 1185 vera
1337 1142 1485 1183 virtus
1517 1155 1658 1183 mera-

211 1227 295 1268 que
328 1226 416 1254 non
449 1212 530 1265 sit,
577 1212 674 1266 (sed
707 1212 854 1255 civilis
889 1211 990 1263 illa,
1038 1226 1150 1267 quae
1195 1210 1394 1254 malitiae
1426 1225 1557 1267 saepe
1602 1210 1658 1252 si-

210 1281 461 1337 millima):“

993 1338 1129 1380 Ἀλλὰ
1159 1347 1234 1380 τῶν

623 1412 780 1450 πάντων
812 1407 914 1450 ἐστὶν
946 1408 1206 1463 παραλογ[ώ-

509 1479 562 1521 10
622 1495 739 1521 τατον
773 1479 916 1534 ἀρετὴν
947 1477 1077 1532 ἄκραν
1109 1467 1179 1519 καί

625 1549 938 1604 διομαλίζουσαν
953 1547 1002 1602 ²³)
1037 1547 1250 1603 ἀγνοηθῆ-

623 1634 687 1659 ναι
718 1621 786 1659 καὶ
817 1621 872 1673 μὴ
905 1621 1038 1673 μόνον,
1072 1616 1180 1658 ἀλλὰ
1212 1618 1282 1657 καὶ

624 1686 772 1728 κακίαν
804 1689 1061 1742 νομισθῆναι.
1123 1684 1194 1726 Δεῖ

625 1757 669 1797 δὲ
699 1759 806 1797 κατὰ
839 1758 906 1797 τὸν
940 1763 1014 1796 τῶν
1048 1753 1225 1811 ῥητόρων

625 1827 860 1878 λόγον’τοῐς
894 1823 1136 1877 εὐλόγοιςῖθ)
1168 1838 1292 1877 προσ-

626 1900 744 1951 έχειν,
778 1894 866 1935 ἀλλ’
905 1892 996 1949 οὒχὶ
1027 1900 1112 1939 τοῖς
1143 1896 1262 1946 τερα-

625 1981 660 2006 τι
690 1961 1070 2019 παραπλησίοιςῖἵ),
1102 1964 1172 2002 καὶ
1201 1967 1296 2001 ταῦ-

624 2050 673 2076 τα
703 2042 777 2075 τῶν
808 2036 1002 2089 μεγίστων
1035 2033 1182 2072 πολιτι-

625 2112 706 2146 κῶν
740 2106 787 2144 τὰ
815 2110 898 2149 τοῖς
929 2103 1215 2157 πονηροτάτοις

506 2175 562 2217 20
623 2173 832 2232 ὀφιλοῦντα
864 2172 1138 2212 συνάπτεσθαι

626 2243 743 2298 πρὸ[ς
775 2241 903 2297 βῆμα
935 2239 1214 2295 κεκ[ο]μισμὲ-

335 2358 395 2401 24)
421 2355 487 2390 cfr.
514 2355 701 2390 Demosth.
729 2352 761 2387 (l.
790 2363 861 2386 cor.
881 2354 968 2385 297:
996 2350 1066 2384 εἶτά
1095 2350 1128 2394 μ7
1156 2350 1292 2394 ἐρωτᾶς,
1318 2348 1389 2381 ἀντὶ
1415 2348 1508 2384 ποίας
1535 2348 1653 2392 ἀρετῆς

212 2416 293 2456 ἀξιῶ
320 2416 499 2460 venialium
525 2415 597 2449 κτλ.

332 2477 392 2518 25)
420 2474 583 2517 Quadrat
601 2474 667 2507 hoc
679 2471 826 2506 verbum
845 2470 881 2503 in
901 2468 1101 2503 doctrinam
1117 2465 1313 2500 Democriti
1332 2468 1367 2498 et
1380 2464 1654 2507 Epicureorum,

213 2534 274 2578 qui
300 2533 537 2568 conferebant
572 2532 682 2566 animi
715 2530 877 2564 habitum
914 2526 1115 2572 perfectum
1142 2524 1351 2570 (ἀταραξίαν)
1375 2533 1453 2557 cum
1478 2522 1654 2565 tranquil-

211 2593 316 2627 litate
343 2593 452 2626 maris
480 2593 535 2638 (τῇ
563 2591 728 2637 γαλήνῃ),
768 2599 837 2632 qua
872 2592 987 2621 totum
1024 2595 1159 2627 aequor
1197 2583 1294 2627 „sich
1320 2581 1436 2625 gleich
1463 2580 1652 2616 bleibendst

213 2656 289 2695 est3
317 2650 384 2685 cfr.
411 2652 518 2694 Diog.
545 2651 586 2684 L.
614 2651 747 2691 1x453
775 2649 804 2681 X
823 2650 886 2690 373
917 2648 994 2679 123.

330 2712 389 2754 26)
416 2710 539 2744 volunt
557 2709 722 2743 rhetores
740 2709 780 2740 τὰ
806 2706 935 2750 εὔλογα,
963 2703 1123 2737 efficiunt
1140 2699 1421 2747 παραλογώτατόν
1439 2711 1469 2732 τι
1483 2698 1521 2742 (l.
1542 2698 1653 2740 9s10).

331 2770 394 2813 27)
419 2770 460 2802 τὰ
473 2770 582 2814 τέρατι
596 2781 629 2801 τ..
646 2766 812 2800 videntur
827 2764 1012 2807 sophistae
1026 2771 1153 2795 vocare
1165 2758 1463 2803 philosophorum
1477 2755 1657 2790 mirabilia

212 2829 455 2870 rationesque.
510 2827 564 2861 De
590 2825 772 2859 locutione
799 2823 950 2857 similem
976 2821 1093 2855 locum
1119 2818 1206 2853 cfr:
1234 2817 1338 2860 Diog.
1366 2816 1407 2850 L.
1435 2816 1468 2849 X
1497 2817 1573 2848 114.
