1955 3298
915 226 969 267 39

218 338 574 396 quandoquidem
624 343 694 395 τὴν
747 342 942 397 πρόληψιν
994 346 1318 396 cognoverant,
1373 344 1445 394 ut,
1499 342 1656 397 quibus

218 423 392 464 semper
424 407 752 450 condicionibus
787 409 973 464 singulis
998 410 1070 452 vel
1093 411 1224 452 factis
1249 410 1501 453 tribuerent
1533 413 1655 453 recte

217 477 464 530 notionem,
509 491 638 533 quam
678 478 999 533 anticipatione
1030 479 1338 535 possidebant,
1385 483 1653 536 spectarent.

216 547 379 603 Itaque
423 561 594 602 semper
638 547 691 589 de
735 547 834 589 hoc:
888 552 923 589 τί
967 553 1187 603 πρακτέον,
1239 553 1274 590 τί
1317 554 1498 606 ποιητόν,
1552 548 1655 605 quid

219 616 414 658 officium
457 616 538 669 sit,
584 615 862 672 disputatum
906 621 975 659 est
1020 617 1292 674 philosophis
1326 622 1460 674 atque
1492 618 1654 660 delibe-

217 688 387 738 ratum3
422 690 557 741 atque
587 684 669 727 hoc
700 685 875 741 quidem
905 687 1171 743 praesertim
1205 687 1378 729 Stoicis.

334 754 435 797 Non
467 754 649 797 eandem
681 755 890 811 Epicurei
922 759 1167 811 sequuntur
1199 757 1430 799 rationem.
1491 757 1557 799 De
1591 757 1652 798 eis

216 823 419 867 traditur
451 824 552 866 hoc:
596 827 665 880 τὴν
711 825 754 865 δὲ
786 827 982 881 πρόληψιν
1023 827 1200 878 λέγουσιν
1244 825 1326 867 οἷον
1363 825 1395 867 εἰ
1430 828 1651 882 κατάληψιν

218 893 245 950 ἢ
279 894 397 941 δόξαν
430 893 561 951 ὀρθὴν
605 893 630 950 ἢ
665 895 814 935 ἔννοιαν
847 894 872 950 ἢ
905 897 1137 951 καθολικὴν
1168 899 1301 951 νόησιν
1333 895 1655 951 ἐναποκειμένην,

219 967 479 1005 τουτέστι
530 968 751 1020 μνήμην
804 970 897 1005 τοῦ
951 963 1239 1011 πολλάκις
1291 965 1505 1012 ἔξωθεν
1556 980 1657 1022 ’ροι-

218 1032 486 1088 νέντος24).
551 1033 872 1089 Epicureorum
914 1033 1056 1088 igitur
1098 1035 1294 1089 πρόληψις
1340 1049 1428 1075 non
1458 1034 1580 1075 notio
1614 1033 1657 1074 in

219 1107 367 1144 mente
412 1102 550 1144 insita
589 1105 682 1154 est,
730 1102 806 1145 sed
848 1102 1072 1144 oculorum
1106 1117 1236 1144 sensu
1269 1118 1291 1144 e
1324 1102 1419 1144 vita
1450 1105 1658 1144 anteacta

220 1180 269 1227 τῇ
303 1176 440 1228 μνήμῃ
473 1175 682 1228 receptus
715 1174 835 1219 τὺπος
868 1174 1116 1228 βλεπόμενος
1146 1173 1314 1225 (rerum
1346 1186 1511 1222 earum,
1546 1185 1657 1226 quae

220 1241 359 1283 oculis
407 1242 607 1297 corporis
654 1241 777 1283 cerni
821 1240 1086 1297 possiint'25).
1146 1240 1268 1282 Haec
1310 1242 1508 1296 πρόληψις
1547 1255 1658 1282 com-

220 1311 363 1353 munis
398 1311 596 1353 omnibus
638 1310 885 1352 hominibus
918 1313 1008 1364 est3
1057 1310 1221 1352 etenim
1253 1324 1405 1352 sensus
1439 1309 1514 1350 ille
1547 1324 1658 1351 com-

219 1379 363 1421 munis
410 1380 526 1422 idem
568 1380 664 1422 fere
713 1380 893 1422 videtur
941 1395 1050 1422 esse.
1128 1379 1220 1420 Cfr.
1269 1394 1439 1434 quoque
1485 1377 1657 1419 Philod.

220 1464 260 1490 π.
294 1448 381 1506 ῥητ.
416 1449 550 1491 Sudh.
583 1449 606 1490 I
647 1465 688 1505 p.
724 1450 805 1491 207
828 1449 930 1490 inf.:
973 1474 1028 1478 -
1074 1447 1107 1489 εἰ
1147 1449 1188 1489 δὲ
1228 1451 1317 1502 περὶ
1351 1455 1424 1489 τῶν
1455 1446 1559 1489 κατὰ
1591 1450 1661 1494 τὰς

222 1521 361 1566 κοινὰς
383 1518 599 1575 αἰσθήσεις
621 1518 954 1574 ὲπιβλεπομένων,
978 1517 1052 1559 κᾶν
1074 1515 1149 1559 ὑπὸ
1172 1518 1314 1564 παιδὸς
1333 1517 1575 1572 ἐλενχθείης
1593 1516 1654 1557 ἄν.

222 1587 330 1640 Iam,
364 1588 716 1644 quandoquidem
738 1591 788 1630 τὰ
807 1590 1000 1642 νοοῦμενοι
1033 1602 1083 1629 ea
1116 1590 1231 1638 sunt⁷
1266 1600 1375 1642 quae
1400 1586 1493 1627 sola
1512 1588 1657 1627 mente

222 1658 534 1713 concipiuntur
554 1657 624 1713 ²⁶),
676 1657 755 1699 issa
802 1656 1000 1713 prolepsi
1046 1656 1265 1712 Epicurea
1317 1653 1429 1696 οὐδὲν
1475 1657 1661 1696 νοεῖσθαι

224 1827 300 1860 Hoc
328 1826 537 1869 discrimen,
577 1826 672 1870 quod
709 1831 763 1860 est
798 1826 893 1860 inter
918 1827 959 1859 τὰ
986 1825 1135 1859 καθόλου
1162 1824 1217 1858 rel
1242 1825 1282 1857 τὰ
1308 1828 1424 1860 κοινῶς
1452 1827 1487 1856 et
1512 1824 1551 1855 τὰ
1577 1825 1663 1856 κατα

226 1887 326 1932 μέρος
353 1886 408 1919 vel
436 1887 476 1919 τὰ
504 1887 555 1919 ἐπὶ
582 1887 711 1931 μέρους,
738 1884 951 1928 frequenter
975 1884 1166 1925 usitatum,
1194 1882 1258 1916 cfr.
1287 1881 1423 1916 Philod.
1452 1894 1519 1926 περ.
1550 1882 1621 1927 ρητ.
1649 1881 1660 1914 I

226 1956 260 1989 p.
288 1947 440 1988 212l133
481 1946 537 1978 καὶ
575 1945 653 1978 πάλι
691 1945 728 1977 τὸ
756 1943 1034 1989 συμβουλευτικὸν
1074 1947 1111 1975 ου
1140 1947 1206 1979 τοῖς
1233 1944 1318 1975 κατὰ
1356 1943 1452 1986 μέρος
1478 1941 1664 1985 ἀνθρώποις

229 2003 348 2048 („dem
369 2004 608 2048 Einzelnen“)
635 2003 715 2049 ὑπὲρ
742 2008 810 2036 τῶν
837 2004 879 2040 εἰς
900 2004 968 2048 βίον
991 2004 1150 2047 μακάριον
1170 2002 1364 2046 ἀνηκόντων
1388 2020 1413 2022 -
1430 2025 1438 2039 ,
1465 1999 1547 2032 ἀλλὰ
1566 1998 1662 2044 δήμῳ

227 2065 285 2097 καὶ
312 2063 468 2110 πλήθεσιν
494 2069 615 2101 κοινῶς
644 2063 746 2106 (,.der
771 2062 1035 2105 Gesan1t11eit“)
1063 2062 1134 2106 περὶ
1165 2066 1234 2093 τῶν
1260 2060 1454 2093 nolam-mm
1480 2059 1664 2103 λεγομένων

226 2126 432 2169 πραγμάτων
459 2135 522 2165 -;
561 2123 652 2155 hanc
689 2122 732 2155 ob
760 2132 904 2155 causam
938 2121 973 2154 in
1001 2131 1041 2154 eo
1069 2120 1146 2154 loco
1174 2119 1308 2153 erravit
1331 2117 1569 2159 Sudhausins⁷
1605 2116 1665 2149 ubi

227 2182 310 2226 (cfr.
337 2182 454 2226 suppl.
484 2193 516 2225 p.
537 2185 557 2214 ι’)
585 2180 723 2225 adnot.)
764 2180 911 2214 edebat:
949 2181 1021 2223 „z‘ftl
1060 2181 1176 2225 μέρους
1211 2178 1344 2224 ἄνδρες,
1381 2175 1661 2210 Halbkunstler“

229 2242 429 2285 explanans
457 2241 575 2275 locum
601 2241 714 2275 hunc:
742 2260 785 2264 —·
813 2243 1010 2285 χαρακτῆρα
1031 2239 1299 2284 μοχθηρότατον,
1327 2236 1404 2269 ὅταν
1431 2235 1495 2267 ἀπὸ
1521 2239 1589 2267 τῶν
1615 2234 1666 2266 ἐπὶ

229 2302 348 2347 μέρους
387 2300 516 2346 ἀνδρῶν
552 2300 753 2345 κατηγορίαν
789 2304 856 2332 τῶν
894 2299 1085 2343 ἐπιστημῶν
1111 2297 1244 2342 ποιηταί
1268 2308 1323 2332 τις.
1376 2295 1468 2327 Vere
1495 2293 1587 2326 enim
1614 2292 1664 2326 sic

228 2359 595 2403 interpretandumst:
624 2360 702 2393 eine
728 2369 818 2402 ganz
843 2357 1024 2391 schlcchtc
1043 2361 1117 2398 Art,
1146 2366 1190 2388 zu
1216 2354 1402 2395 beweisen‚
1429 2363 1529 2385 wenn
1556 2351 1665 2393 einer,

229 2418 343 2453 durch
371 2418 532 2452 einzelne
550 2419 741 2452 Yertreter
759 2416 971 2458 veranlasst,
999 2416 1075 2449 eine
1093 2414 1257 2457 Anklage
1280 2423 1391 2456 gegen
1415 2412 1492 2444 ihre
1507 2410 1665 2443 &Vissen-

230 2478 350 2513 schaft
376 2478 581 2520 uberhaupt
607 2477 752 2517 erhebt3
780 2476 831 2509 sic
857 2485 914 2508 res
941 2486 979 2508 se
1004 2474 1113 2507 habet
1140 2473 1174 2506 in
1203 2483 1243 2506 eo
1271 2481 1411 2514 quoque
1437 2470 1533 2511 loro,
1562 2478 1665 2511 quem

231 2536 455 2571 Sudhausius
483 2536 653 2570 adnotat:
687 2536 743 2568 καὶ
767 2534 805 2567 τὸ
833 2539 900 2567 τῶν
927 2534 977 2566 ἐπὶ
1005 2535 1122 2578 μέρους
1149 2533 1332 2577 ἁμάρτημα
1359 2533 1412 2575 τῆι
1438 2529 1550 2574 τέχνηι
1577 2527 1667 2560 δοκεῖ

231 2598 401 2630 συνάπτειν
429 2617 473 2621 -

352 2657 412 2699 24)
440 2655 543 2698 Diog.
571 2655 611 2688 L.
640 2654 670 2687 X
699 2656 753 2687 33.

352 2717 411 2757 25)
439 2713 504 2747 cfr.
532 2713 636 2756 Diog.
664 2713 705 2746 L.
735 2712 755 2745 l.
784 2711 805 2745 l.

352 2774 412 2816 26)
439 2772 502 2806 cfr.
532 2772 633 2815 Diog.
662 2771 700 2804 L.
731 2770 778 2803 VI
805 2772 859 2803 53
