1955 3298
305 1057 555 1100 Philodemi
578 1057 866 1110 Gadarensis,
889 1057 1145 1114 philosophi
1166 1057 1389 1114 Epicurei,
1423 1057 1631 1113 operibus

192 1127 432 1171 rhetoricis
465 1127 522 1183 (h.
547 1142 582 1170 e.
616 1127 669 1170 de
701 1130 801 1170 arte
827 1127 893 1169 rh.
918 1127 1119 1184 scriptis)
1151 1142 1177 1170 a
1199 1126 1400 1182 Sigfrido
1424 1126 1631 1169 Sudhaus

191 1197 322 1240 docte
352 1197 630 1248 restitutis*)
666 1197 809 1240 multa
851 1197 1033 1253 cognita
1074 1202 1178 1239 sunt
1221 1196 1274 1238 de
1306 1196 1630 1239 controversiis

188 1266 280 1309 illis
326 1272 461 1323 atque
503 1266 906 1323 disputationibus,
955 1281 1067 1322 quae
1112 1266 1389 1322 temporibus
1433 1265 1630 1322 antiquis

189 1335 375 1379 fuerunt
406 1336 526 1378 inter
550 1335 837 1392 philosophos
871 1338 917 1378 et
940 1336 1062 1378 viros
1087 1335 1367 1391 eloquentiae
1391 1334 1629 1377 studiosos.

189 1405 415 1461 Imprimis
458 1405 505 1446 in
546 1405 711 1447 librum
741 1405 788 1446 H
831 1405 983 1447 studia
1026 1419 1106 1447 sua
1135 1408 1376 1447 verterunt
1406 1404 1495 1446 viri
1531 1403 1630 1446 doc-

188 1474 375 1528 tissimi,
423 1490 477 1517 ex
522 1489 606 1531 quo
648 1475 766 1517 libro
810 1475 1125 1531 comperimus,
1174 1490 1303 1530 quam
1344 1474 1632 1516 vehementer

190 1543 368 1600 agitata
400 1544 460 1586 sit
491 1544 694 1600 quaestio
726 1543 819 1597 illa,
853 1547 1005 1586 utrum
1032 1558 1106 1586 ars
1138 1544 1197 1586 sit
1220 1543 1449 1586 rhetorica
1479 1558 1630 1586 necne.

191 1613 455 1656 Tractatam
507 1628 603 1656 esse
653 1613 766 1656 hanc
815 1614 1122 1670 quaestionem
1172 1613 1379 1669 quoniam
1429 1612 1630 1655 videmus

191 1683 326 1726 etiam
369 1697 423 1725 ex
455 1682 667 1725 Cicerone
683 1683 736 1736 l),
784 1684 925 1739 magis
960 1698 1014 1725 ex
1046 1683 1324 1736 Quintiliano
1340 1682 1370 1737 2)
1411 1685 1458 1724 et
1491 1681 1630 1724 Sexto

190 1751 417 1809 Empirico
433 1752 486 1807 3),
533 1753 776 1795 cavendum
806 1753 931 1795 nobis
966 1755 1057 1804 est,
1096 1767 1150 1794 ne
1181 1753 1314 1809 parvi
1344 1752 1628 1794 aestimemus

191 1821 303 1864 alios
327 1821 465 1864 libros
488 1821 749 1875 Philodemi,
772 1822 931 1878 quibus
954 1822 1207 1878 philosophi
1229 1825 1275 1864 et
1298 1824 1503 1864 oratores
1527 1820 1628 1864 aliis

189 1891 440 1933 rationibus
468 1891 590 1933 inter
622 1907 668 1934 se
697 1891 984 1934 contendunt.
1044 1892 1224 1934 Etenim
1255 1893 1358 1947 post
1388 1891 1553 1933 librum
1579 1890 1629 1931 Π

189 1960 280 2016 (vel
310 1960 408 2013 HI,
451 1960 525 2017 qui
553 1960 709 2017 periit)
750 1961 924 2017 plenius
958 1961 1045 2003 iam
1076 1977 1163 2003 non
1194 1976 1329 2016 agere
1361 1960 1542 2002 videtur
1575 1959 1629 2001 de

189 2030 449 2086 quaestione
480 2030 572 2072 illa.
634 2030 688 2072 In
718 2030 835 2072 libro
867 2031 918 2073 Π
958 2033 1195 2087 postquam
1227 2030 1281 2073 de
1310 2030 1500 2072 aliorum
1533 2044 1627 2071 sen—

188 2099 345 2141 tentiis
379 2099 514 2153 dixit,
556 2100 652 2156 ipse
684 2114 807 2142 suam
838 2100 1013 2156 posuit,
1059 2115 1144 2156 qua
1174 2104 1276 2142 arte
1309 2099 1498 2156 quadam
1529 2114 1628 2141 con-

188 2167 326 2210 tineri
377 2168 477 2210 vult
537 2169 825 2225 sophisticam
887 2169 1180 2222 rhetoricam,
1242 2169 1419 2212 civilem
1478 2171 1629 2210 autem

189 2237 486 2293 eloquentiam
526 2238 715 2281 alterius
756 2239 933 2294 generis
967 2254 1064 2281 esse
1079 2239 1124 2294 4).
1187 2238 1396 2281 Ceterum
1427 2238 1629 2280 retinere

190 2305 398 2349 debemus
430 2308 573 2350 animo
606 2308 687 2350 hoc
719 2308 969 2361 discrimen,
1004 2308 1120 2365 quod
1152 2311 1221 2351 est
1248 2308 1369 2350 inter
1400 2311 1470 2364 τὴν
1504 2306 1628 2364 ῥητο-

188 2379 305 2433 ρικὴν
325 2381 558 2434 σοφιστικήν
577 2377 923 2433 (scholasticam)
946 2380 993 2420 et
1013 2380 1218 2434 πολιτικήν
1236 2377 1513 2433 (forensem),
1545 2376 1627 2419 hoc

306 2508 341 2552 ²²²)
368 2507 544 2542 Adhibuit
571 2507 795 2543 Sudhausius
831 2509 877 2543 ad
903 2508 1096 2543 editionem
1122 2507 1377 2543 absolvendam
1404 2507 1626 2551 exemplaria

188 2565 270 2609 duo,
297 2566 577 2610 Neapolitanum
603 2571 639 2601 et
666 2567 888 2610 Oxoniense,
927 2579 1018 2610 quae
1055 2579 1212 2612 papyros
1239 2567 1441 2611 descriptas
1469 2565 1626 2601 reddunt

187 2628 224 2659 et
250 2624 391 2660 diverso
419 2626 537 2669 pretio
568 2631 670 2669 sunt,
696 2626 794 2670 ipsas
824 2637 981 2671 papyros
1009 2627 1130 2661 multis
1156 2626 1245 2661 locis
1271 2626 1438 2670 inspexit.

308 2686 342 2727 1)
369 2683 401 2718 d.
430 2695 480 2719 or.
508 2685 552 2728 II,
581 2687 611 2728 7,
627 2687 767 2720 29—30
793 2696 847 2720 ex.
876 2696 908 2729 g.

306 2743 343 2787 2)
369 2743 451 2777 inst.
480 2747 570 2778 orat.
599 2744 711 2787 11,17,

307 2803 343 2845 3)
371 2801 440 2836 vid.
475 2802 554 2837 adv.
590 2804 756 2838 mathem.
796 2808 925 2847 caput,
973 2803 1068 2847 quod
1103 2809 1157 2839 est
1198 2805 1299 2851 „1963
1334 2805 1409 2841 τοὺς
1448 2804 1625 2850 ῥήτοραξίζ.

307 2861 343 2905 4)
370 2861 435 2896 cfr.
463 2862 530 2896 vol.
559 2863 573 2896 Ι
600 2874 633 2906 p.
653 2864 698 2897 68
717 2874 793 2906 sqq.
823 2879 864 2892 =
892 2863 1010 2907 suppl.
1040 2875 1073 2907 p.
1094 2866 1138 2897 34
1156 2874 1232 2907 sqq.
