1955 3298
839 267 889 308 17

147 381 319 424 stiones
353 386 398 423 et
429 396 454 423 a
495 380 770 437 philosophis
813 383 917 422 sunt
956 380 1232 437 disceptatae
1273 384 1319 423 et
1359 384 1587 424 tractatae

152 451 385 493 rhetorum
416 451 461 492 in
494 450 669 503 scholis,
706 450 780 506 qui
814 450 1031 503 „theseis“
1066 451 1365 493 nominabant.
1427 450 1515 493 Τῶν
1547 451 1590 491 δὲ

151 523 308 562 θέσεων
341 519 380 561 αἱ
404 523 474 576 μὲν
507 519 648 568 ἁπλαῖ,
683 519 788 560 αἰδὲ
820 522 926 560 κατὰ
959 523 1002 561 τὸ
1034 524 1133 575 πρός
1164 537 1198 562 τι
1227 523 1510 577 λαμβάνονται,
1533 545 1587 550 -

150 589 220 631 ἐὰν
263 593 339 644 γὰρ
383 592 586 645 λέγωμεν,
634 588 667 630 εἰ
711 592 929 644 γαμητέον,
974 588 1101 643 ἁπλῆ,
1146 590 1214 631 ἐὰν
1258 591 1312 639 δὲ,
1359 589 1392 631 εὶ
1436 591 1591 644 βασιλεῖ

149 662 371 715 γαμητέον,
412 663 513 714 πρός
546 657 653 713 ciffi).
718 658 1054 713 „Expetendine
1094 658 1283 701 honores
1327 659 1438 712 sint,
1487 673 1590 700 num

150 727 366 783 fugienda
410 730 696 784 paupertas“,
738 727 846 769 haec
886 742 912 769 a
944 726 1106 770 Crasso
1146 731 1440 771 numerantur
1470 728 1590 770 inter

151 797 268 840 tales
320 797 604 852 quaestiones
620 796 684 851 62).
773 796 867 840 Has
918 797 1060 852 igitur
1110 797 1393 841 Philodemus
1445 797 1591 841 dicere

152 866 335 908 videtur
376 881 463 908 non
503 866 665 908 debere
709 866 886 908 ratione
932 865 1157 909 rhetorica
1202 867 1466 920 deliberari,
1514 866 1590 909 sed

152 936 546 991 argumentatione
578 935 941 991 philosophorum
975 937 1240 978 necessaria.

270 1004 368 1046 Lin.
402 1005 536 1056 23J24
574 1005 753 1047 videtur
785 1004 805 1046 ὁ
838 1005 1038 1061 ἀληθινὸς
1070 1005 1176 1058 ἀγὼν
1190 1005 1240 1060 63)
1273 1006 1335 1061 (in
1366 1006 1460 1062 ipso
1493 1006 1592 1048 foro

154 1074 399 1128 certamen)
433 1074 592 1130 opponi
627 1074 941 1116 exercitationi
968 1074 1229 1126 scholarum,
1263 1075 1332 1117 cui
1354 1075 1591 1131 opprobrio

158 1143 432 1199 respondent
465 1143 693 1199 sophistae
726 1143 856 1186 simili
900 1143 1089 1199 quodam
1131 1144 1247 1200 apud
1279 1143 1463 1187 Sextum
1494 1143 1593 1184 Em-

154 1212 344 1269 piricum
356 1212 419 1267 64).

272 1282 426 1338 Neque
457 1282 504 1323 in
536 1282 611 1333 eis⁷
654 1296 763 1338 quae
802 1285 1061 1337 sequuntur,
1102 1282 1312 1325 desinunt
1353 1282 1593 1338 sophistae,

158 1350 523 1407 philosophorum
554 1351 760 1406 ἀκρίβειαν
793 1353 839 1392 et
871 1351 1250 1393 considerationes
1281 1352 1486 1393 incusare
1527 1354 1595 1393 at-

159 1435 243 1476 que
274 1420 331 1462 ad
362 1421 503 1463 vitain
534 1420 778 1475 degendam
811 1420 994 1462 inutiles
1038 1435 1198 1462 vocare
1228 1446 1284 1450 —
1315 1421 1384 1462 hic
1426 1435 1595 1476 quoque

158 1489 295 1531 simili
327 1490 515 1546 quodam
547 1491 629 1542 usi,
668 1505 751 1545 quo
784 1489 1038 1546 philosophi
1069 1505 1164 1531 cum
1195 1491 1369 1532 noctuis
1403 1490 1597 1545 (γλοιυξίν)

158 1559 475 1612 conferuntur;
510 1559 591 1601 cfr.
617 1559 697 1602 col.
720 1560 835 1601 XIX
868 1560 1058 1601 ineunt:
1092 1563 1162 1601 καὶ
1193 1563 1235 1601 τὸ
1267 1563 1367 1615 πρὸς
1399 1563 1461 1601 τὸν
1493 1562 1597 1601 θοιο-

160 1632 353 1684 μάζοντοι,
397 1637 482 1676 πῶς
522 1629 561 1671 ἐν
603 1633 672 1685 μὲν
710 1637 794 1677 τοῖς
826 1636 1044 1676 σκοτεινοῖς
1074 1633 1144 1671 καὶ
1176 1631 1381 1676 δυσκόλοις
1414 1631 1598 1670 δὺνανται

159 1699 412 1752 διαβλέπειν,
457 1701 506 1740 τὰ
549 1699 583 1739 δ’
625 1698 803 1754 έμμέσωι
842 1702 897 1754 μὴ
941 1700 1155 1747 δὺνοισθαι,
1199 1702 1248 1740 τὰ
1287 1703 1470 1754 γινόμενοι
1511 1701 1599 1752 περὶ

110 1777 113 1779 ’
159 1770 234 1814 τὰς
266 1769 449 1820 γλαῦκας
481 1770 649 1809 τιθέναι.
711 1768 740 1809 l.
774 1768 852 1809 33:
896 1771 939 1809 τὸ
983 1775 1070 1815 ταῖς
1111 1769 1271 1820 γλοιοξὶν
1311 1768 1421 1824 ἡμᾶς
1458 1783 1599 1822 παρει-

159 1839 312 1884 mitem.
358 1836 481 1878 Haec
513 1837 631 1879 bella
661 1837 806 1892 imago
840 1842 921 1883 est,
955 1852 1040 1892 qua
1062 1840 1377 1893 comparantur
1399 1843 1598 1888 noctuae,

162 1920 274 1962 quae
319 1909 453 1948 noctu
499 1914 687 1962 possunt
739 1921 944 1957 cernere,
997 1921 1093 1948 cum
1144 1906 1258 1948 aliae
1309 1921 1412 1949 aves
1465 1906 1599 1948 homi-

160 1990 326 2031 nesque
368 1975 414 2017 in
455 1976 654 2017 tenebris
698 1976 851 2018 videre
894 1981 1129 2031 nequeant,
1176 1991 1272 2018 cum
1312 1976 1599 2032 philosophis⁷

165 2044 239 2101 qui
270 2045 332 2086 ibi
364 2045 578 2087 acerrime
612 2045 913 2101 speculantur,
955 2045 1030 2086 ubi
1066 2045 1205 2087 ceteri
1237 2045 1430 2087 homines
1463 2060 1601 2101 paene

165 2113 282 2156 caeci
315 2116 432 2166 sunt,
467 2115 638 2157 scilicet
669 2115 715 2156 in
746 2114 1080 2170 quaestionibus
1112 2114 1399 2170 philosophis.
1439 2114 1601 2156 Tribus

165 2183 405 2239 praecipue
436 2183 685 2226 rationibus
718 2184 797 2226 hoc
830 2184 971 2225 simile
1010 2184 1216 2225 effectum
1256 2183 1380 2226 nobis
1423 2183 1602 2225 videtur

166 2267 274 2303 esse,
319 2268 414 2295 cum
447 2253 755 2309 significentur
790 2253 1187 2307 dialecticorum‘ffi)
1219 2252 1489 2308 (Stoicorum
1527 2268 1603 2308 po-

285 2367 346 2407 61)
373 2363 438 2398 cfr.
474 2364 658 2408 (Hermog.
694 2365 898 2408 progymn.)
934 2364 1042 2398 rhett.
1080 2364 1206 2398 Graec.
1246 2363 1299 2397 ed.
1328 2364 1431 2398 Walz
1450 2364 1466 2397 ἶ
1494 2376 1528 2407 p.
1549 2367 1602 2398 52.

285 2425 345 2467 62)
373 2423 442 2457 Cic.
470 2423 503 2456 d.
532 2434 582 2457 or.
608 2424 824 2465 11129‚11‹;.

286 2484 346 2526 63)
374 2482 438 2516 cfr.
466 2482 606 2516 Philod.
633 2496 703 2528 περ.
732 2482 801 2528 ῥητ.
831 2482 932 2516 v01.1
958 2494 991 2526 p.
1012 2485 1120 2525 41‚3;
1148 2484 1270 2525 6027.

287 2542 346 2585 64)
375 2541 452 2575 adv.
482 2542 648 2575 mathem.
674 2553 707 2585 p.
728 2544 806 2575 673.

288 2602 347 2644 65)
374 2600 448 2634 Iam
477 2601 628 2634 Aristot.
655 2601 747 2634 rhet.
778 2602 866 2634 1357
901 2610 921 2633 a
957 2611 1034 2643 sup.
1072 2599 1234 2633 declarat
1269 2600 1354 2634 hoc:
1395 2601 1461 2634 ’ἐστι
1499 2601 1532 2634 δὲ
1571 2601 1607 2634 τὸ

171 2659 264 2704 ἔργον
291 2659 393 2704 αὐτῆς
420 2661 494 2706 (τῆς
523 2660 715 2706 ῥητορικῆς)
742 2661 814 2705 περί
839 2672 874 2692 τε
901 2659 1072 2698 τοιοῦτων,
1110 2660 1182 2703 περὶ
1217 2659 1262 2703 (im
1301 2660 1528 2704 βουλευόμεθα
1554 2662 1610 2694 καὶ

170 2719 288 2763 τέχνας
319 2719 363 2764 μὴ
392 2719 524 2764 ἔχομεν,
562 2720 617 2752 καὶ
643 2720 675 2752 ἐν
711 2724 778 2756 τοῖς
810 2718 968 2755 τοιοΰτοις
1001 2719 1189 2764 ἀκροαταῖς,
1227 2719 1257 2751 οἳ
1291 2719 1327 2752 οὒ
1364 2719 1517 2752 ὂῦνανται
1544 2719 1609 2753 διὰ

169 2777 363 2810 πολλῶν
401 2783 609 2822 συνορᾶν
649 2779 760 2811 οὐδὲ
796 2778 1089 2821 λογίζεσθαι
1124 2777 1378 2822 πόρρωθεν
1407 2778 1489 2820 (hoc
1517 2778 1609 2811 enim

170 2836 357 2878 proprium
384 2840 437 2869 est
464 2836 760 2879 dialecticorum).

1305 2898 1330 2938 2
