1955 3298
983 247 1038 287 26

415 368 561 417 „Quae
595 363 798 417 deinceps
831 361 974 403 de...
1000 376 1112 417 quae
1155 365 1340 417 praeter
1389 362 1616 418 opiniones
1660 363 1736 406 ho-

294 435 455 475 minum
487 433 655 474 iniusta
687 431 1014 479 existimentur,
1057 446 1144 472 non
1185 445 1294 484 esse,
1337 446 1410 473 eos
1453 434 1615 485 autem,
1661 433 1736 488 qui

293 519 344 545 ea
388 502 573 544 credant
618 516 733 553 esse,
781 501 946 542 similes
992 515 1088 542 esse
1132 500 1480 556 despicientibus
1523 517 1735 556 nummos,

293 588 400 628 quos
434 573 480 613 in
511 587 594 614 usu
625 571 877 622 habeamus,
920 571 1121 625 aliosque
1161 571 1495 625 quaerentibus.
1556 572 1650 615 Hos
1685 577 1736 615 ut

292 642 537 692 inveniant,
581 641 757 684 etiamsi
796 641 888 683 illis
931 640 1188 694 contigerit,
1231 644 1381 683 tamen
1422 641 1625 684 inutilem
1663 657 1736 684 ex-

292 712 589 767 plorationem
621 725 737 759 esse;
783 725 871 752 non
917 710 1029 752 enim
1062 710 1131 752 uti
1162 709 1298 752 licere
1330 711 1471 764 novis,
1516 711 1634 767 quod
1663 727 1736 754 ne-

292 796 375 836 que
408 781 616 822 civitates
650 780 870 836 recipiant
906 794 1047 835 neque
1090 779 1199 835 ipsis
1243 780 1554 823 inventoribus
1599 781 1737 824 saluti

291 853 494 893 futurum
526 850 597 902 sit,
641 865 735 891 cum
776 851 960 906 praeter
992 849 1187 891 usitatos
1220 849 1390 905 aliquid
1422 850 1734 905 negotientur-3

292 920 518 962 rhetorica
551 922 699 962 autem
730 923 938 962 neutram
979 934 1072 962 rem
1116 919 1257 961 effici“
1304 919 1362 975 (h.
1408 934 1443 962 e.
1487 935 1641 977 neque,
1685 926 1738 963 ut

290 989 453 1030 nummi
497 989 569 1031 vel
613 989 840 1045 opiniones
886 989 1064 1031 civitati
1108 989 1442 1044 improbentur,
1486 1004 1642 1045 neque,
1683 993 1737 1032 ut

290 1074 431 1100 nov-ae
451 1059 702 1101 sententiae
724 1062 1002 1114 quaerantur
1025 1058 1372 1114 inventoresque
1394 1059 1642 1115 puniantur
1655 1059 1736 1115 2“)).

292 1128 358 1170 De
391 1127 578 1183 singulis
612 1129 763 1170 verbis
795 1131 955 1184 postea
986 1128 1201 1170 nonnulla
1232 1128 1438 1171 dicemus.

408 1198 676 1240 Discrimine
709 1203 858 1240 autem
893 1213 955 1250 eo,
999 1197 1116 1253 quod
1158 1198 1327 1240 factum
1371 1201 1441 1241 est
1471 1198 1592 1241 inter
1622 1199 1737 1242 noti-

291 1283 395 1310 ones
429 1268 531 1309 boni
562 1268 672 1310 iusti
703 1267 833 1324 aequi
865 1268 1078 1323 vulgares
1120 1270 1166 1310 et
1206 1283 1351 1321 veras,
1394 1282 1503 1324 quas
1545 1268 1737 1324 philoso-

289 1338 395 1394 phia
426 1337 521 1394 peti
552 1337 771 1390 dicebant,
812 1337 1139 1379 introducimur
1182 1338 1228 1379 in
1258 1338 1398 1394 ipsius
1430 1337 1737 1394 philosophiae

291 1407 659 1459 controversiam,
705 1422 815 1463 quae
860 1407 1029 1462 agitari
1070 1407 1245 1450 solebat
1286 1407 1388 1449 inde
1428 1422 1454 1449 a
1486 1407 1736 1463 Platone3).

290 1477 344 1519 In
388 1492 515 1533 quem
559 1477 745 1519 maxime
790 1477 1094 1532 sophistarum
1136 1478 1276 1519 verba
1319 1477 1410 1530 illa,
1457 1492 1570 1533 quae
1608 1478 1736 1521 modo

291 1547 619 1602 exscripsimus,
666 1546 902 1603 quadrant,
946 1562 1034 1588 non
1066 1562 1150 1602 quo
1184 1547 1224 1588 ei
1257 1547 1341 1589 soli
1372 1548 1630 1590 obtrectare
1662 1564 1737 1591 vo-

289 1617 472 1669 luerint,
506 1620 554 1659 at
584 1616 662 1659 ille
694 1617 925 1658 contraria
955 1616 1045 1659 ista
1078 1617 1355 1672 excogitavit
1387 1619 1433 1659 et
1458 1617 1734 1673 temporibus

289 1687 616 1743 posterioribus
668 1686 1004 1729 fundamentum
1057 1686 1137 1728 hoc
1190 1686 1536 1742 philosophandi
1596 1687 1734 1730 dedit.

290 1756 400 1798 Eius
442 1756 556 1798 enim
597 1771 684 1798 non
724 1756 851 1798 modo
894 1756 1062 1811 primus
1103 1755 1283 1798 libellus
1328 1771 1492 1804 eorum,
1534 1771 1644 1812 quos
1682 1756 1735 1799 de

290 1841 338 1868 re
379 1825 556 1881 publica
600 1825 795 1881 scripsit,
842 1825 919 1868 sed
961 1828 1106 1868 totum
1148 1825 1272 1868 istud
1317 1840 1425 1882 opus
1468 1841 1549 1868 nec
1593 1826 1735 1868 solum

287 1895 431 1947 istud,
480 1911 635 1938 verum
683 1896 827 1937 omnia
873 1895 966 1937 eius
1014 1895 1204 1951 scripta,
1253 1895 1411 1951 quibus
1458 1895 1633 1952 quidem
1681 1896 1734 1938 de

289 1966 463 2008 virtute
505 1965 602 2020 agit
643 1967 689 2007 et
730 1965 782 2007 de
828 1965 1027 2015 scientia,
1071 1964 1473 2007 luculentissimum
1516 1966 1735 2021 praebent

291 2035 538 2091 exemplum
569 2042 637 2076 τοῦ
672 2038 803 2091 ’ζητεῖν
834 2038 882 2075 τὰ
914 2034 1004 2076 κατὲ
1037 2034 1239 2090 ἀλήθειαν
1272 2035 1366 2076 ὄντα
1399 2035 1526 2090 (παρὰ
1558 2038 1607 2076 τὰ
1634 2039 1734 2091 πρὸς

291 2113 366 2147 τῶν
408 2106 569 2146 πολλῶν
613 2105 892 2160 δοξαζόμενα).
967 2104 1254 2160 Exceperunt
1293 2104 1562 2146 discriminis
1603 2104 1734 2147 huius

290 2174 510 2217 rationem
542 2174 729 2216 maxime
762 2174 1014 2230 philosophi
1042 2174 1198 2230 Cynici
1231 2178 1277 2216 et
1309 2174 1461 2226 Stoici,
1496 2190 1593 2216 cum
1625 2190 1665 2217 v.
1699 2189 1732 2217 c.

290 2245 335 2286 in
374 2244 505 2299 Diog.
549 2244 701 2286 Laert.
736 2244 803 2286 VI
819 2245 874 2285 83
919 2244 1135 2299 scriptum
1179 2243 1406 2286 videamus
1449 2244 1501 2287 de
1542 2244 1733 2286 Monimo

292 2312 481 2368 Cynico:
524 2312 638 2361 οὗτος
676 2317 746 2370 μὲν
789 2313 1108 2370 ἐμβριθέστατος
1144 2313 1314 2368 ἐγένετο,
1359 2313 1461 2356 ὥστε
1500 2315 1622 2372 δόξης
1663 2318 1734 2371 μὲν

291 2472 469 2514 particula
495 2473 567 2509 πώς
594 2471 658 2506 cfr.
686 2484 719 2516 p.
744 2475 823 2515 246,
840 2475 967 2516 33s343
1008 2473 1099 2506 Plat.
1129 2472 1262 2507 Criton.
1291 2473 1381 2516 4603
1419 2472 1569 2507 Aristot.
1597 2472 1732 2506 rhetor.

294 2532 415 2565 1:35451»
444 2544 541 2576 sup:
581 2534 637 2566 καὶ
663 2536 750 2579 παρὰ,
777 2537 880 2567 ταῦτα.
907 2533 999 2567 οὒόέν
1026 2545 1116 2571 πως·
1153 2532 1233 2567 vide
1260 2544 1403 2577 quoque
1430 2532 1569 2567 Philod.
1600 2546 1633 2566 τε.
1662 2532 1732 2578 ῥῃτ,

290 2592 303 2624 1
327 2594 434 2633 1422
461 2592 566 2635 (πο-3).

407 2654 466 2693 2111)
494 2656 618 2684 contra
647 2651 876 2686 Philodemus
905 2652 969 2685 col.
999 2652 1101 2685 XXII
1129 2652 1264 2686 ineunt.

408 2714 443 2752 25)
471 2709 534 2743 cfr.
565 2722 616 2744 cx.
646 2722 677 2753 g.
706 2711 797 2745 Plat.
827 2712 962 2745 Criton.
991 2712 1078 2745 481³:
1115 2712 1175 2745 οὐκ
1203 2713 1277 2756 ἄρα,
1305 2711 1332 2744 ὦ
1362 2711 1515 2756 βέλτιστε,
1543 2712 1627 2745 πάνυ
1654 2712 1733 2757 ἡμῖν

289 2767 377 2802 οὕτω
402 2772 622 2815 φροντιστέον,
649 2771 680 2803 τί
705 2772 781 2816 {po
798 2775 815 2804 ὗ
832 2782 900 2804 σιν
927 2772 968 2804 οἱ
995 2771 1169 2805 πολλοὶ
1196 2772 1296 2817 ἡμᾶς,
1324 2771 1396 2804 ἀλλ’
1426 2770 1475 2804 ὅτι
1503 2770 1518 2803 ὁ
1547 2771 1733 2804 ἐπαΐων

288 2828 393 2873 περὶ
420 2827 509 2860 τῶν
537 2829 742 2862 δικαίων
769 2831 847 2863 καὶ
874 2830 1069 2869 ἀδίκων,
1097 2831 1278 2868 fiskam
1305 2830 1423 2876 αὑτὴ
1451 2831 1470 2876 τ’,
1500 2830 1677 2876 &Mller
1702 2844 1733 2864 α.
