1955 3298
894 280 948 320 47

200 391 315 434 enim
346 394 480 447 putat
510 392 749 434 multitudo
775 393 1051 449 voluptatem
1078 395 1387 449 dominatione,
1421 395 1630 451 imperiis,

202 461 356 517 opibus
389 466 435 503 et
464 460 631 503 talibus
660 463 803 504 rebus.
854 464 974 515 Quae
1006 464 1131 505 nihili
1164 465 1459 507 aestimabant
1492 468 1633 507 secta-

200 533 323 573 tores
355 530 552 586 Epicuri,
587 545 681 572 cum
714 531 810 574 vita
842 532 1087 587 tranquilla
1117 533 1226 575 fines
1255 537 1443 577 naturae
1466 537 1512 576 et
1532 535 1631 576 bea-

200 599 438 643 titudinem
469 602 690 656 peterent.

317 669 457 712 Stoici
497 672 645 711 autem
688 669 1022 723 dominationes,
1064 671 1261 727 imperia,
1307 672 1517 714 eiusmodi
1560 686 1630 714 res

202 739 434 781 sumendas
466 738 640 794 quidem
672 754 769 781 esse
800 741 1057 793 censebant:
1101 756 1240 797 neque
1280 756 1385 783 vero
1426 741 1631 797 placebat

201 808 264 851 eis
296 809 411 850 bona
442 822 494 851 ea
525 807 767 864 appellare,
807 809 889 850 etsi
923 810 1219 866 unusquisque
1251 810 1469 852 hominum
1501 809 1632 851 medi-

202 877 368 920 ocrium
400 877 463 919 sie
493 877 751 933 appellabat
763 877 827 930 49).
870 878 995 920 Hane
1027 882 1202 921 secutus
1234 880 1453 921 rationem
1483 879 1632 920 Philo-

201 946 352 989 demus
384 947 430 988 in
460 946 589 989 initio
631 947 710 989 col.
743 947 881 988 XXII
921 947 1059 989 telum
1101 951 1283 1004 torquet
1324 949 1367 990 in
1409 948 1631 1004 sophistas

201 1016 314 1059 tale:
368 1016 494 1069 „Non
538 1016 679 1058 solum
725 1016 977 1073 philosophi
1021 1017 1151 1059 multi
1195 1018 1367 1073 (Stoici)
1398 1043 1452 1047 -—
1492 1031 1632 1072 neque

201 1100 309 1128 vero
341 1085 461 1128 inter
502 1100 574 1128 eos
608 1086 818 1142 Epicurei
851 1111 901 1116 —
937 1086 1026 1128 alia
1063 1089 1227 1142 put-ant
1266 1088 1380 1129 bona
1421 1089 1465 1128 et
1504 1085 1631 1137 mala,

201 1155 323 1198 iusta
354 1160 399 1197 et
430 1155 610 1206 iniusta,
644 1156 831 1197 honesta
863 1159 908 1198 et
940 1156 1103 1212 turpia,
1143 1159 1276 1212 atque
1309 1171 1418 1212 quae
1451 1155 1634 1198 homini-

201 1225 281 1267 bus
319 1224 541 1278 videntur,
592 1225 668 1267 sed
713 1225 848 1267 etiam
892 1228 991 1267 tota
1036 1240 1143 1280 gens
1190 1226 1389 1267 virorum
1432 1224 1633 1281 politico-

202 1294 404 1347 rum“50)‚
437 1294 512 1350 qui
544 1293 759 1336 docentur
791 1309 817 1336 a
849 1294 1074 1350 sophistis.

390 1421 393 1423 ,
441 1374 554 1417 οὒδὲν
614 1378 690 1430 γὰρ
723 1375 857 1430 ἕτερον
889 1375 928 1416 ἐν
960 1383 1048 1422 ταῖς
1078 1391 1176 1430 προ-

617 1448 799 1492 στασίαις
832 1443 960 1485 αὐτῶν
993 1444 1125 1486 ἐοίκοι-

616 1529 674 1555 σιν
705 1521 830 1555 ποιεῖν
861 1513 886 1570 ἢ
920 1517 993 1561 τὰς
1023 1512 1118 1555 ὓπο-

616 1585 757 1640 λήψεις
787 1581 913 1624 αὐτῶν
946 1585 1135 1639 μεθιστά-

616 1668 692 1694 νειν
727 1651 782 1699 εἰς
813 1653 863 1699 ἃς
895 1652 1055 1708 ἔχουσιν
1088 1650 1160 1692 αὒ-

618 1724 677 1763 τοὶ
707 1724 796 1776 περὶ
828 1721 996 1774 ἀγαθῶν
1029 1724 1098 1762 καὶ
1127 1735 1199 1761 κα-

615 1799 696 1832 κῶν
726 1793 795 1832 καὶ
827 1791 989 1831 δικαίων
1021 1793 1090 1831 καὶ
1122 1789 1169 1830 ἆ.-

617 1861 736 1901 δὶκων
768 1863 838 1901 καὶ
868 1863 1091 1914 κοινότερον

619 1928 739 1970 εἰπεῖν
772 1932 1052 1984 συμφερόντων

618 2002 688 2040 καὶ
720 1998 971 2054 ἀσυμφόρων.

325 2082 549 2138 „Namque
581 2081 660 2123 isti
691 2078 897 2135 (politici)
929 2078 1039 2119 nihil
1079 2077 1200 2119 aliud
1240 2077 1387 2118 facere
1428 2074 1637 2117 videntur

205 2151 295 2207 (vel
329 2151 441 2204 „sibi
471 2150 728 2203 videntur“)
771 2149 816 2190 in
859 2149 989 2190 rebus
1030 2146 1216 2203 publicis
1259 2143 1635 2194 administrandis,

206 2223 341 2277 atque
372 2226 424 2263 ut
456 2222 641 2262 vertant
674 2220 895 2261 hominum
927 2217 1150 2273 opiniones
1184 2218 1229 2257 et
1260 2215 1442 2256 flectant
1476 2213 1521 2254 in
1563 2227 1636 2254 eas

207 2290 468 2343 sententias,
502 2304 610 2345 quas
642 2289 729 2345 ipsi
759 2288 926 2330 habent
957 2286 1010 2328 de
1041 2286 1172 2327 rebus
1204 2283 1327 2326 bonis
1361 2285 1406 2325 et
1436 2281 1562 2324 malis
1589 2295 1639 2323 ae

205 2359 340 2402 iustis
373 2361 419 2401 et
449 2358 629 2400 iniustis
662 2360 795 2413 atque
826 2382 881 2386 —
913 2358 963 2396 ut
994 2354 1135 2409 magis
1166 2353 1212 2394 in
1241 2365 1461 2394 commune
1486 2350 1639 2407 loqua-

206 2445 306 2472 mur
337 2454 392 2459 —
422 2428 609 2470 utilibus
643 2432 688 2469 et
718 2425 992 2468 inutilibus“.

328 2585 388 2629 49)
416 2584 485 2617 Cic.
514 2582 546 2616 d.
573 2582 631 2616 fin.
658 2582 752 2623 1V9‚
769 2583 823 2622 22,
850 2579 882 2614 d.
911 2590 960 2612 Or.
988 2578 1039 2612 ΠΙ
1057 2580 1109 2619 18,
1123 2580 1176 2611 66.

328 2645 389 2686 50)
415 2642 480 2677 col.
510 2642 613 2675 XXII
639 2641 660 2674 l.
689 2642 747 2683 6s7
777 2638 871 2682 quod
897 2643 951 2672 est
978 2637 1014 2670 τὸ
1041 2641 1104 2670 πᾶν
1130 2638 1219 2681 γένος
1246 2640 1312 2668 τῶν
1339 2635 1538 2672 πολιτικῶν,
1574 2633 1642 2666 hoc

209 2702 389 2737 rhetorice
415 2701 559 2735 dictum⁷
577 2704 631 2734 est
658 2716 701 2729 Ξ
728 2701 844 2735 πάντες
871 2699 899 2731 οἱ
926 2696 1096 2730 πολιτικοί.
1135 2694 1199 2728 cfr.
1226 2705 1261 2738 p.
1288 2694 1493 2728 236—237:
1533 2692 1548 2724 ὁ
1575 2696 1643 2724 τῶν

210 2762 473 2805 πολιτευομένων
499 2760 611 2806 χορός.
661 2759 752 2792 Plat.
782 2757 929 2790 Theaet.
961 2755 1081 2788 lssOD:
1109 2755 1194 2787 κατὰ
1222 2755 1279 2797 μὲν
1299 2750 1447 2797 Ὅμηρον
1475 2752 1530 2784 καὶ
1550 2749 1643 2796 'Hssi-

212 2822 348 2855 κλειτον
375 2820 430 2853 καὶ
456 2824 519 2852 πᾶν
544 2818 582 2851 τὸ
609 2821 757 2851 τοιοῦτον
784 2816 885 2862 φῦλον
913 2835 953 2840 -
983 2819 1017 2848 et
1043 2813 1154 2846 multa
1180 2812 1263 2846 alia.
