1955 3298
861 279 912 320 13

170 392 293 449 π[ε]ρ“ι
325 392 440 449 ἠθῶν
471 392 573 447 [mhi
606 396 700 447 βίων
732 397 802 436 καὶ
834 393 966 449 π[ρ“ος]
1010 393 1114 449 [τ]ας
1157 393 1330 450 αἱρέσεις
1367 399 1437 437 καὶ
1477 399 1607 452 φυγὰς

171 464 444 505 διατεινόντων
478 462 780 520 ἀναστρέφεται,
822 465 859 505 δί
890 463 942 504 ὧν
974 454 1045 505 καὶ
1076 466 1125 505 τα
1156 467 1262 505 κατὰ
1294 468 1364 521 τὴν
1396 467 1508 507 πόλιν
1537 468 1607 507 καὶ

173 535 244 589 τὴν
275 532 426 588 ἀγορὰν
458 533 664 587 ὀρθότατα
695 536 852 574 πάντων
885 533 987 574 ἔστιν
1026 532 1262 589 οἰκονομεῖν.
1325 533 1374 575 Οἱ
1413 535 1456 576 δὲ
1495 550 1607 592 σοφι-

173 605 261 643 σταὶ
311 605 381 643 καὶ
427 603 653 656 λελήθασιν
699 601 810 656 (scil.
860 600 1022 655 αὐτοὺς)
1069 601 1226 650 εἰκόνας
1273 603 1422 645 ἑαυτῶν
1474 620 1607 660 παρα-

171 670 485 727 [ποιοῠν]τες41).
561 669 617 711 Αἱ
657 674 732 725 γὰρ
774 672 937 726 τοὺτ[ων
978 688 1022 724 γε
1072 672 1304 727 δι]ατριβα[ἰ
1351 706 1501 716 ......
1551 674 1607 722 εἰς

169 742 281 782 πόλιν
311 741 455 782 δὲκαὶ
488 738 546 787 εἰς
577 739 761 795 ἀ[γο]ρὰν
806 739 880 782 οὐκ
923 740 1087 783 εἰσίασιν
1131 741 1223 783 οὐδὲ
1266 745 1330 784 τὸν
1374 746 1457 797 βίον
1500 742 1606 791 ὅλως

166 808 397 867 ὠφελοῦσιν.
439 800 741 862 Quintilianus
775 810 895 852 tueri
926 809 1106 852 volebat
1138 810 1495 865 declamationes,
1529 812 1607 855 sed

166 893 240 921 eas
283 880 474 929 tantum,
519 893 643 935 quae,
692 879 897 935 quoniam
930 885 1078 922 essent
1109 880 1370 922 iudiciorum
1403 882 1605 924 consilio-

165 962 350 1004 rumque
404 948 641 1004 imagines,
702 948 866 990 similes
924 964 1095 1005 quoque
1143 955 1293 992 essent
1339 951 1604 1006 veritati4'2).

166 1017 404 1060 Concludit
438 1017 596 1060 deinde
630 1018 712 1060 sic:
746 1017 837 1059 ὥστ’
870 1017 1033 1066 εἰκότως
1064 1019 1148 1060 οὐδ’
1181 1019 1479 1077 ἀντιστρέφουσί
1503 1036 1606 1069 τινες

165 1088 186 1128 ὃ
224 1088 405 1140 λέγουσιν
418 1086 484 1141 43),
518 1087 626 1129 ἀλλὰ
657 1091 727 1143 τὴν
749 1086 964 1144 ῥητορικὴν
996 1091 1065 1129 καὶ
1097 1092 1167 1144 τὴν
1193 1093 1421 1146 σοφιστικὴν
1443 1093 1513 1131 καὶ
1534 1094 1603 1146 τὴν

167 1158 374 1213 πολιτικὴν
406 1155 487 1198 οὒδὲ
520 1157 566 1198 ’ἐκ
598 1158 777 1212 παρόδου
809 1159 1021 1199 κελεὺουσι
1050 1160 1307 1212 προσίεσθαι,
1340 1162 1408 1214 τὴν
1433 1163 1515 1215 μὲν,
1548 1159 1605 1201 ὅτι

166 1230 334 1282 ματαία,
367 1230 436 1283 τὴν
470 1225 516 1275 δ’,
550 1226 609 1268 ὅτι
638 1228 981 1283 ταραχωδεστάτη
1015 1235 1089 1268 τῶν
1123 1226 1317 1269 ἁπάντων.

278 1295 428 1336 Aliam
459 1295 655 1351 incipere
686 1298 862 1351 partem
894 1296 940 1337 in
971 1296 1051 1338 col.
1080 1296 1194 1339 XIV
1213 1297 1265 1338 13
1297 1300 1503 1352 apertum
1534 1301 1603 1340 est

164 1364 313 1406 verbis
346 1364 486 1406 hisce:
533 1368 604 1406 καὶ
648 1368 697 1406 τὰ
740 1373 889 1422 συνεχῆ
935 1367 977 1406 δὲ
1021 1368 1175 1413 τοὺτοις
1219 1366 1324 1407 εἴτε
1365 1369 1479 1421 περὶ
1510 1376 1601 1408 τῶν

163 1434 516 1475 διαλεκτικῶν
563 1434 744 1488 ἐλέγετο,
792 1437 894 1490 πρὸς
938 1434 1049 1491 ἡμᾶς
1095 1433 1169 1476 οὒκ
1213 1435 1284 1491 ἦν,
1334 1436 1438 1477 εἴτε
1485 1440 1604 1491 περὶ

162 1501 413 1559 ἡμῶ[ν]44),
448 1502 724 1560 ἐφληναφᾶτο,
768 1504 925 1559 quibus
968 1519 1020 1545 ex
1062 1504 1212 1546 verbis
1254 1504 1334 1546 hoc
1375 1520 1532 1548 rursus
1547 1506 1598 1561 413)

160 1571 486 1628 intellegimus:
520 1573 720 1615 libellum
752 1573 968 1629 quendam
999 1573 1204 1629 deinceps
1237 1575 1385 1616 excuti
1417 1575 1471 1616 ab
1500 1589 1600 1617 auc-

160 1644 261 1684 tore
293 1642 525 1698 Epicureo.
559 1642 865 1685 Perrexerunt
898 1642 1123 1699 sophistae
1146 1669 1199 1672 —
1220 1645 1274 1685 ab
1306 1659 1391 1685 uno
1424 1644 1599 1700 quidem

110 1763 113 1765 ‚
162 1725 313 1753 eorum
360 1711 561 1754 libellum
612 1712 747 1754 istum
791 1712 1081 1768 compositum
1125 1728 1221 1754 esse.
1265 1716 1427 1768 putare
1470 1713 1598 1756 debe-

160 1795 255 1823 mus
277 1781 504 1824 —invehi
532 1781 577 1823 in
610 1782 827 1824 orationis
860 1797 998 1837 genus
1032 1781 1395 1838 philosophorum
1424 1784 1598 1826 nomine

160 1851 301 1905 magis
345 1866 474 1906 quam
515 1866 564 1893 re
606 1853 803 1903 mutata,
852 1867 944 1893 cum
990 1867 1129 1907 genus
1174 1854 1429 1894 accuratum
1473 1853 1601 1906 (γένος

161 1919 343 1975 ἀκριβές)
375 1920 714 1976 aggrediantur,
759 1921 873 1976 quod
914 1921 1031 1976 apud
1071 1920 1355 1977 philosophos
1393 1922 1599 1977 antiquos

160 1988 275 2031 idem
306 1989 401 2031 fere
433 1990 534 2041 fuit,
577 1993 710 2046 atque
742 1990 800 2041 id,
843 1990 958 2046 quod
989 1990 1309 2045 interrogando
1343 1994 1388 2033 et
1419 2006 1599 2047 respon-

161 2058 304 2100 dendo
336 2060 642 2114 progreditur.
706 2059 809 2102 Sine
842 2060 922 2102 hoc
953 2062 1102 2102 autem
1135 2074 1243 2102 vera
1275 2060 1462 2102 scientia
1503 2076 1599 2103 esse

278 2198 338 2241 41)
365 2201 622 2243 παραποιοῦντες
652 2197 834 2241 supplevit
860 2198 902 2230 Ε.
931 2197 1125 2231 Schwartz,
1179 2197 1275 2241 „Ipsi
1303 2197 1490 2240 falluntur,
1518 2209 1595 2231 cum

160 2256 332 2299 imagines
360 2267 443 2290 suas
470 2268 541 2291 non
568 2268 587 2291 e
613 2257 766 2291 veritate
794 2256 983 2290 forment.“

278 2317 339 2359 42)
365 2315 429 2349 cfr.
457 2315 570 2350 instit.
600 2322 690 2350 orat.
722 2316 766 2358 ΙΙ,
796 2318 848 2357 10,
879 2318 936 2358 12;
976 2314 1060 2349 ibid.
1097 2318 1115 2359 ξ
1142 2317 1254 2357 2sqq.
1293 2319 1328 2349 et
1361 2316 1379 2359 ξ
1406 2318 1436 2349 7.
1489 2315 1595 2359 (Vide

160 2374 267 2408 etiam
293 2374 386 2408 Plat.
414 2375 549 2417 politic.
575 2375 731 2418 303131'0).

278 2435 339 2477 43)
367 2433 438 2466 οὐδ’
467 2434 497 2468 ἀ.
524 2447 552 2467 τ.
580 2434 609 2467 ὃ.
635 2434 663 2468 λ.
693 2444 756 2467 nos
783 2433 1066 2476 interpretanmr
1092 2432 1162 2466 sic:
1196 2436 1300 2475 „sunt
1326 2433 1446 2476 igitur,
1475 2433 1535 2476 qui
1561 2438 1597 2468 et

160 2492 394 2536 sophisticam
420 2493 635 2527 rhetoricam
664 2496 699 2526 et
726 2492 910 2535 politicam
936 2491 1172 2525 condemnent
1199 2502 1323 2534 neque,
1364 2502 1442 2525 cum
1477 2493 1596 2536 sophi-

159 2551 286 2585 sticam
324 2551 559 2594 removerint,
607 2561 625 2584 1·
640 2561 658 2585 e
672 2562 706 2584 m
747 2550 759 2583 i
773 2562 794 2583 n
810 2562 829 2583 v
844 2561 862 2584 e
878 2561 896 2583 r
910 2554 923 2583 ‘t
940 2560 957 2583 e
972 2561 995 2582 n
1009 2553 1024 2583 t
1039 2560 1056 2583 e
1072 2561 1087 2583 s
1126 2550 1311 2593 politicam
1348 2551 1594 2594 permittant“.

160 2609 233 2644 Cfr.
260 2609 303 2644 de
330 2610 502 2644 vocabulo
531 2609 625 2653 quod
652 2613 706 2644 est
736 2609 955 2655 ἀναστρέφειν
976 2625 1016 2638 =
1036 2609 1234 2643 umkehren
1259 2609 1398 2644 Philod.
1426 2623 1495 2656 περ.
1524 2609 1594 2656 ῥητ.

160 2669 175 2701 Ι
193 2671 277 2712 46,5
293 2680 371 2712 sqq.

277 2730 338 2771 44)
364 2741 444 2774 ημω
472 2728 665 2762 secundum
692 2728 772 2761 lect.
801 2727 914 2770 Neap.
942 2727 1009 2760 vol.
1030 2727 1059 2759 11
1089 2738 1122 2769 p.
1141 2727 1236 2760 XXI.

278 2788 337 2830 45)
364 2786 428 2821 cfr.
466 2787 532 2821 col.
558 2787 590 2821 V
612 2789 652 2820 15
668 2798 744 2829 sqq.
771 2786 877 2820 V112
895 2797 971 2828 sqq.
1000 2786 1049 2818 IX
1067 2788 1087 2818 2
1103 2795 1179 2829 sqq.
1232 2785 1437 2828 Sequuntur
1473 2786 1597 2821 eadem

159 2844 269 2878 verba
295 2845 330 2878 in
358 2845 422 2879 col.
451 2846 535 2879 XlX
563 2850 716 2887 exeunt,
747 2845 877 2879 similia
905 2845 970 2878 col.
998 2845 1115 2878 XXIX
1143 2844 1277 2878 incunt.
