1955 3298
900 232 952 273 31

213 345 323 386 bant
353 344 688 398 definientibus⁷
737 345 843 388 haec
887 361 1017 402 saepe
1061 363 1147 389 non
1191 347 1456 402 hominibus:
1504 349 1647 391 veluti

212 428 309 455 cum
340 413 638 456 Antisthenes
672 415 831 468 ἀγαθὸν
865 419 928 457 τὸν
960 420 1086 465 πόνον,
1118 418 1390 469 nominaret,
1431 422 1477 460 et
1507 418 1648 460 Stoici

212 482 355 525 solum
385 484 546 525 bonum
591 486 637 525 et
674 487 886 526 summum
928 485 974 526 in
1006 485 1178 528 virtute
1221 490 1461 542 ponerent,
1508 490 1559 529 ut
1601 487 1647 528 hi

212 551 412 607 quidem,
446 551 603 608 Cynici
635 556 681 594 et
713 553 874 605 Stoici,
920 554 965 594 id
996 554 1092 596 fere
1123 555 1376 608 effecerint,
1422 556 1537 611 quod
1569 556 1646 598 ille

210 623 395 663 nostrae
438 621 604 663 aetatis
646 621 933 678 philosophus
967 624 1146 665 vocavit
1183 625 1502 680 „Umwertung
1533 625 1647 666 aller

215 689 398 733 Werte“
420 690 480 744 14).

326 759 576 802 Redeamus
603 775 717 802 nunc
740 761 977 816 aliquando
1002 761 1057 802 ad
1078 762 1197 817 ipsas
1223 761 1469 804 Philodemi
1491 762 1644 804 lineas.

210 829 372 885 Itaque
394 832 499 872 ante
522 830 643 872 ἄδικα
676 831 721 885 (1.
743 831 786 885 2)
817 831 955 873 fuisse
980 832 1128 882 δίκαια,
1162 831 1293 872 etiam
1326 831 1459 887 plura
1490 832 1647 874 talium

211 899 555 952 adjectivorum,
597 903 651 942 ut
681 899 846 953 τάγαθὰ
878 904 947 941 καὶ
978 904 1101 949 κακά,
1133 900 1334 956 ponimus
1369 916 1422 942 ex
1452 916 1537 943 usu
1565 901 1646 942 lin-

209 983 324 1024 guae
340 969 402 1024 ¹5).
484 970 653 1012 Eorum
705 972 879 1023 autem,
933 985 1044 1026 quae
1097 972 1344 1025 sequuntur
1396 971 1646 1022 verborum,

209 1053 349 1095 paene
373 1040 711 1096 unumquodque
732 1041 961 1096 propriam
984 1040 1053 1081 hic
1073 1039 1208 1082 habet
1232 1039 1463 1081 rationem.
1517 1039 1557 1081 N
1561 1054 1647 1081 am-

211 1123 295 1164 que
319 1111 448 1165 ζητεῖν
483 1112 530 1151 et
563 1107 756 1164 εὑρίσκω
781 1111 919 1151 verba
950 1112 1056 1151 sunt
1086 1123 1183 1150 cum
1215 1108 1404 1150 aliorum
1427 1109 1647 1150 hominum

211 1192 394 1233 operae,
428 1181 523 1220 tum
553 1178 919 1234 philosophorum
950 1178 1136 1234 propria
1151 1177 1222 1232 ¹⁶);
1268 1177 1478 1230 „inventa
1507 1177 1650 1233 philo-

211 1247 475 1303 sophorum“
510 1263 598 1290 non
644 1262 750 1290 rara
793 1247 959 1289 locutio
992 1250 1073 1289 est.
1135 1246 1257 1288 Illud
1295 1261 1486 1302 quoque,
1533 1246 1649 1301 quod

211 1320 281 1358 est
325 1325 540 1359 κατανοεῖν
585 1317 721 1372 (ἔτερα
765 1317 836 1359 vel
879 1320 996 1359 καινὰ
1037 1320 1266 1372 νομίσματα
1307 1317 1537 1370 κατανοεῖν)
1580 1315 1648 1356 hic

210 1385 342 1428 valde
388 1386 593 1428 idoneum
644 1390 734 1439 est,
784 1386 989 1442 quoniam
1036 1401 1124 1427 non
1171 1385 1312 1427 solum
1357 1384 1471 1426 idem
1512 1384 1649 1426 valet,

210 1457 345 1511 atque
377 1455 440 1507 id,
475 1455 592 1511 quod
626 1458 695 1498 est
726 1457 1055 1511 καταλαμβάνειν
1087 1454 1156 1510 (τῷ
1190 1453 1282 1509 νῷ),
1318 1453 1394 1496 sed
1424 1452 1649 1494 interdum

210 1525 344 1567 etiam
376 1525 422 1567 id
453 1527 535 1577 est,
570 1525 686 1581 quod
717 1540 795 1567 nos
827 1524 1010 1566 dicimus
1038 1523 1332 1576 „entdecken“
1355 1522 1416 1576 ¹³).
1478 1521 1650 1564 Deinde

151 1628 155 1630 -
211 1598 254 1636 τὸ
301 1594 504 1651 ἄχρηστον
552 1594 652 1635 εἶναι
698 1609 786 1636 11011
831 1594 958 1636 1110ᾶο
1005 1593 1050 1635 in
1096 1608 1144 1635 re
1189 1606 1464 1634 nummorum
1507 1590 1649 1632 locum

210 1679 336 1706 suum
376 1663 534 1716 habet,
582 1663 660 1706 sed
703 1663 859 1705 floruit-
888 1663 997 1705 haec
1028 1662 1193 1704 locutio
1227 1661 1283 1703 ad
1314 1659 1647 1716 improbandam

210 1733 404 1790 aliquam
438 1733 669 1776 scient-iam
701 1732 773 1774 vel
803 1735 947 1774 artem
980 1732 1051 1774 vel
1083 1730 1398 1786 quaestionem.
1459 1728 1541 1784 Τὴν
1573 1736 1648 1768 τῶν

208 1806 434 1862 φιλοσόφων
456 1803 662 1858 ἀκρίβειαν
687 1802 889 1858 ἄχρηστον
916 1801 972 1849 εἰς
1004 1805 1068 1842 τὸν
1102 1803 1184 1854 βίον
1218 1799 1315 1840 εἶναι
1345 1798 1532 1853 legimus
1565 1811 1643 1839 nos

210 1873 256 1915 in
298 1873 405 1915 libri
451 1873 580 1915 huius
625 1872 704 1914 001.
730 1872 843 1914 XIV
863 1887 895 1914 s.
919 1872 964 1923 f.‚
1008 1870 1218 1917 Ἀλεξίνου
1249 1872 1325 1923 γὰρ
1371 1868 1410 1909 ὲν
1443 1874 1528 1914 τοῖς
1560 1869 1645 1920 περὶ

210 1943 375 1999 ἀγωγῆς
406 1949 729 1998 κατηγοροῦντος
770 1950 843 1982 τῶν
886 1939 1108 1996 ῥητορικῶν
1141 1946 1348 1995 σοφιστῶν.
1392 1935 1449 1978 ὅτι
1493 1937 1650 1989 ,,πολλὰ

334 2090 390 2131 14)
418 2087 645 2121 Meminimus
672 2088 945 2129 praeceptorem
971 2087 1133 2117 nostrum
1159 2080 1368 2114 Eduardum
1397 2080 1576 2113 Schwartz
1612 2079 1648 2112 in

211 2147 342 2183 scholis
370 2147 443 2181 suis
479 2144 781 2180 commendavisse
817 2141 1029 2185 aliquando,
1069 2145 1108 2174 ut
1147 2139 1241 2184 quod
1277 2139 1483 2183 philosophi
1510 2143 1649 2171 veteres

211 2206 319 2252 ἀγαθὰ
347 2205 526 2246 dicerent,
565 2210 691 2238 nostra
719 2204 842 2246 lingua
877 2212 938 2243 eo,
979 2199 1073 2244 quod
1109 2204 1163 2233 est
1202 2199 1382 2241 „Werte“‚
1418 2197 1649 2231 redderemus

183 2266 361 2306 *nomine
414 2265 558 2298 Etenim
584 2264 639 2298 his
675 2263 763 2306 ipsis
802 2261 845 2295 de
884 2260 991 2294 rebus
1031 2270 1135 2302 quam
1173 2258 1400 2292 vehementer
1426 2256 1647 2299 disputatum

212 2326 259 2360 sit
285 2324 508 2368 temporibus
535 2322 821 2366 posterioribus,
851 2319 1033 2353 Ciceronis
1061 2317 1288 2361 cognoscitur
1322 2315 1423 2348 libris
1451 2315 1520 2357 eis,
1560 2325 1649 2356 quos

212 2383 255 2418 (le
281 2383 411 2416 finibus
438 2383 612 2416 bonorum
650 2386 685 2414 et
712 2380 885 2413 malorum
912 2377 1057 2420 scripsit
1085 2396 1126 2400 —
1154 2374 1285 2409 eisdem
1314 2373 1390 2407 fere
1415 2372 1648 2416 temporibus,

213 2443 341 2487 quibus
369 2442 554 2485 sophistae
590 2441 653 2474 illa
679 2438 934 2483 proferebant,
976 2439 1101 2469 contra
1129 2444 1219 2477 quae
1246 2437 1381 2477 pugnat
1407 2431 1647 2465 Philodemus.

334 2504 390 2545 15)
417 2499 482 2534 cfr.
503 2511 556 2534 eX.
577 2511 607 2543 g.
630 2499 694 2533 col.
711 2497 814 2531 XXII
833 2499 932 2538 1-4,
960 2494 1078 2528 XXIV
1096 2495 1242 2535 16—18‚
1271 2492 1339 2525 Cic.
1360 2490 1391 2524 d.
1413 2501 1462 2524 or.
1484 2490 1568 2532 110,
1584 2492 1649 2531 4ῖ.)·,

212 2563 245 2595 II
262 2564 314 2603 16,
330 2563 395 2603 673
423 2559 569 2602 Quintil.
597 2559 679 2592 inst.
706 2562 795 2590 orat.
824 2556 889 2588 XII
908 2557 939 2597 2,
955 2557 986 2587 5.

334 2622 390 2663 16)
418 2619 482 2653 cfr.
511 2628 652 2661 quoque
678 2617 807 2650 iterum
833 2615 924 2648 Plat.
953 2614 1023 2657 pol.
1051 2612 1163 2646 33613.

334 2682 391 2723 17)
419 2678 484 2712 cfr.
513 2676 698 2711 Aristotel.
728 2674 862 2718 politic.
894 2678 917 2707 Α
945 2674 1064 2706 12593
1092 2681 1190 2713 sup:
1230 2669 1427 2713 κατανόημά
1447 2679 1477 2700 τι
1514 2678 1649 2712 χρημα-

212 2739 353 2772 τιστικόν
397 2737 489 2781 (scil.
507 2745 510 2747 ’
528 2736 547 2782 ἡ
586 2735 814 2780 μονοπωλία),
859 2732 967 2776 paulo
1011 2734 1093 2774 post
1136 2729 1245 2775 ὅραμα
1285 2726 1402 2760 Θάλεω
1445 2725 1653 2769 appellatur

210 2799 233 2843 ή
262 2797 471 2841 μονοπωλία.
